2019 3131
124 116 182 163 v.
211 125 244 162 1.
303 112 439 180 3-33]
661 114 1159 164 MOSTELLARIA
1718 123 1776 166 51

123 231 234 307 Ego
270 244 400 292 illum
437 253 548 294 ante
585 245 717 293 aedis
753 244 1085 308 praestolabor
1121 244 1473 295 ltidificatorem
1510 260 1691 305 meum,

122 327 311 386 Quoius
347 342 441 389 ego
477 327 622 375 hodie
657 325 941 375 ludificabor
978 327 1178 386 corium,
1216 328 1255 374 si
1291 328 1422 386 uiuo,
1459 329 1628 391 probe.

126 408 233 456 TR.
273 408 373 457 Res
420 408 639 471 palamst.
726 407 871 456 Nunc
921 407 966 456 te
1014 408 1175 457 uidere
1222 407 1426 468 meliust,
1477 410 1594 473 quid
1643 425 1775 474 agas,

389 489 589 538 Tranio.

124 571 234 619 TH.
272 572 432 622 Docte
481 581 623 634 atque
673 580 777 620 astu
827 572 947 619 mihi
996 572 1336 636 captandumst
1388 571 1499 621 cum
1549 573 1643 632 illo,
1695 573 1777 620 ubi

386 654 480 702 huc
518 653 773 702 aduenerit.

118 736 232 784 Non
270 751 362 798 ego
405 736 469 782 illi
511 736 753 798 extemplo
790 734 990 803 hadmum
1032 737 1315 785 ostendam:
1366 736 1544 818 SESE-siu]
1587 738 1774 784 mittam
1817 726 1922 781 {ki-2

387 818 580 865 lineam.
1669 836 1776 881 1070

115 899 443 947 Dissimulabo
480 915 558 947 me
595 899 767 947 horum
805 901 1065 963 quicquam
1103 902 1241 948 scire.

840 1030 846 1037 ,
1047 981 1152 1028 TR.
1193 982 1237 1030 O
1274 981 1528 1029 mortalem
1564 983 1773 1032 malum:

111 1047 244 1110 Alter
279 1063 371 1111 hoc
408 1063 609 1111 Athe'nis
646 1078 790 1111 nemo
828 1063 1014 1111 doctior
1050 1064 1146 1112 dici
1181 1073 1349 1126 potest.

112 1144 274 1193 Verba
316 1145 378 1193 illi
423 1161 520 1194 non
565 1145 719 1208 magis
762 1145 874 1193 dare
918 1146 1060 1193 hodie
1106 1147 1361 1209 quisquam
1408 1147 1775 1210 quam—lapidi

381 1237 553 1292 potest.

113 1299 382 1373 Adgrediar
419 1310 696 1358 hominem:
747 1309 1017 1372 appellabo.

755 1392 873 1440 TH.
915 1391 1058 1440 Nline
1083 1408 1175 1455 ego
1201 1392 1277 1441 ille
1302 1393 1395 1442 huc
1421 1393 1582 1443 ueniat
1608 1395 1769 1444 uelim.

111 1473 221 1522 TR.
262 1473 511 1538 Siquidem
553 1475 633 1538 pol
677 1490 754 1522 me
797 1475 999 1538 quaeris,
1040 1475 1210 1523 adsum
1254 1477 1482 1538 praesens
1530 1479 1771 1539 praesenti

378 1557 477 1604 tibi.
1665 1577 1767 1620 1075

108 1637 224 1685 TH.
261 1635 414 1701 Elige,
451 1637 648 1686 Tranio,
719 1638 852 1697 Quid
887 1639 1073 1701 agitur?

1002 1720 1112 1767 TR.
1152 1719 1366 1769 Veniunt
1403 1737 1508 1769 rure
1544 1719 1730 1770 rustici:

108 1800 408 1851 Philolaches
445 1803 540 1850 iam
578 1801 654 1850 hic
691 1801 854 1853 aderit.

633 1884 749 1932 TH.
786 1884 974 1947 Edepol
1011 1886 1062 1934 ίιί
1097 1885 1213 1932 mihi
1249 1894 1515 1947 opportune
1552 1884 1764 1933 aduenis.

108 1962 341 2012 Nostrum
376 1981 468 2028 ego
500 1966 625 2012 hunc
659 1966 872 2015 uicinum
907 1967 1082 2029 opinor
1112 1966 1217 2014 esse
1251 1966 1498 2015 hominem
1532 1967 1763 2015 audacem

375 2047 422 2095 et
458 2048 654 2095 malum.

106 2127 215 2177 TR.
254 2128 510 2188 Quidum?

374 2210 491 2257 TH.
530 2210 659 2269 Quia
696 2210 839 2273 negat
876 2211 1070 2260 nouisse
1107 2211 1210 2259 uos.

1052 2291 1164 2341 TR.
1202 2291 1392 2355 Negat?

1249 2374 1369 2423 TH.
1409 2373 1514 2423 Nec
1549 2376 1639 2424 uos
1675 2377 1761 2424 sibi

77 2451 367 2506 ‚Nummum
401 2469 634 2518 umquam
671 2455 857 2518 argenti
892 2454 1093 2504 dedisse.
1656 2468 1760 2506 1080

695 2537 805 2584 TR.
843 2537 954 2597 Abi,
979 2535 1101 2586 hidis
1127 2552 1234 2586 me:
1274 2538 1419 2587 credo
1444 2537 1573 2587 haud
1599 2548 1758 2602 negat.

103 2616 220 2666 TH.
257 2617 391 2678 Quid
426 2618 556 2666 iam?

440 2698 550 2747 TR.
591 2698 713 2760 Scio,
754 2698 926 2748 iocaris
965 2715 1097 2748 nunc
1140 2710 1221 2749 tu:
1272 2716 1386 2749 nam
1425 2702 1504 2750 ille
1544 2702 1756 2765 quidem,

571 2782 717 2839 credo,
755 2780 885 2829 haud
920 2792 1079 2844 negat.

898 2879 925 2910 E
955 2879 977 2909 2
