2019 3131
228 134 292 177 20
931 132 1182 179 PLAVTI
1512 133 1657 200 [IIsl.
1681 148 1803 196 71-2.
1828 154 1870 184 11

227 257 399 320 Neque
436 261 695 321 quicquam
732 260 870 308 nobis
906 259 1091 322 pariant
1126 277 1184 309 ex
1220 276 1269 309 se
1308 262 1616 338 incommodi.
1674 268 1938 314 Meum

229 337 321 385 Sed
357 339 472 401 quid
510 347 560 386 tu
597 340 838 401 egredere,
877 340 1140 403 Sphaerio?

935 419 1251 471 SPHAER.
1288 422 1380 470 Em
1416 424 1604 472 clauim.

1526 503 1631 550 TR.
1668 489 1879 566 Optume

228 580 496 643 Praeceptis
532 595 685 642 pares,

565 661 879 712 SPHAER.
916 652 1056 726 jpsus
1093 665 1224 713 iussit
1262 665 1493 714 maxumo
1799 685 1880 724 420

228 741 389 805 Opere
425 742 561 790 orare
598 752 648 790 ut
685 751 870 806 patrem
907 745 1068 809 aliquo
1105 745 1394 808 apsterrere's
1431 746 1578 794 modo

228 822 305 870 Ne
342 823 554 871 introiret
591 824 653 872 ad
687 841 745 872 se.

667 905 778 952 TR.
818 906 952 976 Quin
989 908 1131 955 etiam
1165 909 1229 955 illi
1265 908 1356 956 hoc
1394 908 1574 956 dicito?

228 983 487 1033 Facturum
524 1002 590 1032 me
625 996 676 1033 ut
715 1002 775 1034 ne
812 974 956 1035 etiam
992 988 1205 1051 aspicere
1242 989 1370 1037 aedis
1407 988 1592 1047 audeat,

229 1066 397 1128 Capite
434 1067 664 1115 obuoluto
700 1076 750 1115 ut
786 1068 933 1130 fugiat
971 1085 1082 1117 curn
1119 1071 1310 1118 summo
1347 1079 1491 1119 metu.

228 1147 418 1195 Clauim
455 1148 575 1197 cedo
612 1158 754 1211 atque
793 1150 869 1197 abi
907 1151 1032 1198 intro
1069 1160 1210 1214 atque
1248 1152 1446 1200 occlude
1483 1151 1673 1208 ostium,
1798 1169 1879 1210 425

227 1228 289 1276 Et
325 1245 416 1292 ego
453 1229 564 1277 hinc
603 1230 1060 1279 occludam—Iube
1098 1233 1259 1279 uenire
1297 1231 1550 1280 nunciam:

229 1309 398 1358 Ludos
433 1326 526 1372 ego
563 1310 703 1359 hodie
741 1313 854 1358 uiuo
892 1313 1125 1374 praesenti
1161 1313 1236 1360 hic
1273 1314 1374 1360 seni

226 1391 451 1439 Faciam:
503 1392 632 1454 quod
671 1393 814 1440 credo
852 1393 1044 1442 mortuo
1081 1393 1346 1457 numquam
1384 1393 1501 1442 fore.

228 1471 510 1520 Concedam
546 1487 574 1519 a
610 1473 791 1521 foribus
828 1472 946 1521 huc:
996 1474 1104 1522 hinc
1143 1474 1426 1536 speculabor
1464 1475 1646 1538 procul,

227 1552 370 1602 Vnde
407 1552 678 1602 aduenienti
714 1553 950 1622 sarcinam
986 1554 1216 1617 inponam
1255 1556 1370 1603 seni.
1800 1577 1882 1618 430

624 1848 1130 1898 THEOROPIDES.
1205 1848 1488 1899 TRANIO.

230 1955 346 2003 TH.
387 1955 576 2012 Habeo,
614 1956 852 2019 Neptune,
890 1957 1092 2019 gratiam
1130 1957 1359 2020 magnam
1396 1959 1492 2016 tibi,

231 2036 397 2094 Quom
434 2036 550 2084 me'd
581 2038 777 2085 amisisti
815 2037 900 2100 aps
937 2046 981 2087 te
1020 2039 1098 2086 uix
1136 2039 1300 2086 uiuom
1339 2039 1542 2087 domum.

231 2116 414 2167 Verum
451 2118 489 2165 si
525 2118 724 2180 posthac
762 2118 839 2166 me
875 2119 1047 2181 pedem
1084 2118 1232 2167 latum
1269 2120 1417 2168 modo

237 2197 364 2245 Scies
401 2199 638 2260 Inposis'se
674 2198 723 2245 in
759 2196 952 2257 undam,
990 2199 1084 2247 hau
1121 2209 1321 2258 Causast,
1359 2200 1472 2266 ilico
1729 2219 1794 2264 ss
1829 2211 1932 2273 sta-1)

231 2278 382 2337 Quod
416 2276 544 2326 nunc
581 2279 769 2327 uoluisti
805 2279 958 2328 facere
995 2281 1112 2343 quin
1148 2280 1291 2328 facias
1327 2280 1455 2327 mihi.
1799 2301 1880 2341 43⁵

231 2359 416 2421 Apage,
455 2358 606 2422 apage
642 2368 686 2407 te
724 2375 751 2408 a
786 2376 862 2408 me
900 2360 1124 2409 nunciam
1161 2370 1269 2424 post
1304 2360 1430 2409 hunc
1467 2359 1621 2408 diem:

233 2440 379 2499 Quod
414 2438 672 2488 crediturus
709 2441 792 2489 tibi
828 2441 905 2500 fui,
943 2457 1089 2490 omne
1125 2442 1314 2490 credidi.

234 2520 346 2568 TR.
381 2520 584 2583 Edepol,
624 2521 863 2584 Neptune,
901 2523 1162 2585 peccauisti
1198 2522 1398 2585 largiter,

234 2601 333 2659 Qui
368 2600 676 2650 occasionem
710 2603 836 2651 hanc
873 2603 1067 2652 amisisti
1104 2603 1202 2651 tam
1238 2605 1432 2652 bonam.

234 2682 351 2730 TH.
391 2680 623 2730 Triennio
659 2693 766 2745 post
800 2683 1026 2746 Aegypto
1063 2684 1268 2732 aduenio
1305 2684 1534 2732 domum:
1799 2703 1882 2743 440

235 2763 406 2820 Credo,
446 2762 745 2826 exspectatus
784 2764 974 2811 ueniam
1011 2764 1332 2812 familiaribus.
