2019 3131
158 125 249 174 ΙΙΙ.
274 133 311 173 2.
341 120 558 189 120-139]
724 120 1226 172 MOSTELLARIA
1750 124 1809 168 37

164 252 274 301 ΤΗ.
313 251 420 300 Nisi
455 252 585 300 tibist
621 251 1003 300 incommodum.

497 333 571 382 SI.
608 333 770 381 Immo
806 331 1134 381 commodum.
1211 331 1235 379 I
1272 331 1398 380 intro
1434 339 1577 395 atque
1614 330 1812 394 inspice.

157 417 275 466 TH.
310 405 375 465 Ᾰῐ
411 416 540 465 enim
569 414 853 464 mulieres-

671 497 744 545 SI.
783 497 916 546 Caue
953 505 1003 545 tu
1038 496 1185 544 ullam
1223 494 1362 543 flocci
1399 494 1519 543 faxis
1555 492 1816 543 mulierem.

159 581 387 641 Qualibet
421 578 702 643 perambula
738 579 871 628 aedis
907 578 1088 642 eppido
1123 576 1376 641 tamquam
1412 586 1529 625 tuas,

158 663 275 711 TH.
319 661 676 725 ‘Ternquam'P
1741 664 1819 704 810

394 744 505 791 TR.
542 743 634 802 Ah,
673 759 793 803 caue
829 751 881 790 tu
918 742 984 790 illi
1021 742 1235 790 obiectes
1271 739 1401 788 nunc
1438 741 1487 788 in
1523 737 1818 802 aegritudine

159 828 235 876 Te
288 826 374 875 has
429 826 618 873 emisse.
690 823 806 872 Nen
862 834 912 872 tu
965 823 1101 871 uides
1161 822 1290 871 hunc
1344 821 1478 871 u61tu
1532 824 1611 870 uti
1653 821 1820 869 tristist

430 908 612 955 senex?

160 990 278 1040 TH.
315 989 489 1037 Video·

362 1070 472 1118 TR.
508 1070 640 1133 Ergo
678 1068 881 1118 inridere
918 1085 979 1117 ne
1016 1068 1210 1117 uideere
1246 1076 1293 1117 et
1330 1068 1505 1131 gestire
1542 1066 1819 1125 admodum,

163 1154 277 1204 Noli
313 1153 465 1202 facere
501 1152 797 1201 mentionem
835 1161 880 1200 te
917 1151 1003 1199 heis
1037 1152 1226 1200 emisse.

1180 1232 1297 1280 TH.
1337 1231 1585 1294 Intellego,

164 1307 225 1368 Et
250 1319 374 1366 bene
398 1317 639 1365 monitum
665 1314 809 1375 duco,
836 1324 978 1379 atque
1015 1330 1112 1364 esse
1147 1317 1388 1363 existumo
1419 1314 1616 1362 humani
1648 1314 1823 1376 ingeni.

163 1401 297 1461 Quid
331 1401 495 1448 nunc?

234 1482 307 1531 SI.
346 1481 480 1541 Quin
505 1491 555 1529 tu
581 1482 620 1529 is
648 1482 772 1528 intro
799 1489 944 1544 atque
968 1480 1120 1528 otiese
1146 1488 1412 1543 perspecta,
1438 1477 1486 1527 iit
1512 1478 1672 1526 lubet?
1745 1487 1824 1539 8¹5

165 1567 282 1614 TH.
321 1564 453 1613 Bene
491 1565 786 1627 benigneque
825 1563 1024 1612 {rbitror
1060 1572 1104 1610 te
1141 1560 1312 1609 facere.

1124 1641 1208 1691 SI.
1249 1642 1451 1691 Factum
1488 1641 1660 1706 edepol
1695 1641 1824 1689 uolo.

164 1717 278 1779 ‘TR.
317 1728 480 1777 Viden
534 1727 822 1775 uestibulum
878 1735 987 1775 ante
1040 1725 1174 1773 aedis
1229 1724 1322 1773 hoc
1377 1733 1423 1772 et
1481 1723 1827 1780 ambulacrum,

437 1809 778 1872 quoiusmodi?

168 1893 287 1942 TH.
324 1890 645 1939 Luculentum
685 1890 857 1954 edepol
896 1890 1127 1952 profecto.

814 1971 925 2020 TR.
962 1972 1068 2033 Age
1106 1969 1269 2034 specta
1304 1970 1468 2033 postis,
1505 1966 1829 2033 quoiusmodi,

169 2055 367 2116 Quanta
403 2053 620 2102 firmitette
657 2054 769 2102 facti
806 2064 850 2102 et
887 2053 1068 2117 quenta
1104 2052 1433 2102 crassitudine.

171 2138 289 2186 TH.
328 2136 444 2184 Non
480 2136 651 2185 uideor
685 2135 863 2184 uidisse
901 2136 1050 2199 postis
1086 2134 1394 2199 pulchriores,
1752 2140 1830 2179 820

1326 2215 1409 2264 Sl.
1449 2215 1535 2263 Pol
1573 2213 1689 2261 mihi

170 2290 247 2351 Eo
284 2301 436 2365 pretio
475 2301 624 2362 empti
662 2298 851 2347 fuerant
888 2299 1018 2346 olim.

920 2379 1033 2427 TR.
1071 2377 1233 2427 Audin
1273 2375 1510 2426 ‘fuerant'
1551 2377 1739 2426 dicere?

172 2466 270 2513 Vix
306 2464 494 2513 uidetur
529 2463 777 2511 centinere
815 2462 1068 2510 laicrumas.

988 2543 1105 2590 TH.
1145 2541 1326 2600 Quanti
1363 2540 1509 2589 hosce
1545 2538 1763 2587 emeras?

176 2627 261 2676 SI.
298 2628 413 2676 Tris
449 2629 606 2676 minas
644 2643 733 2690 pro
769 2626 871 2674 istis
909 2625 1098 2673 duobus
1135 2622 1318 2686 praeter
1353 2620 1601 2669 uecturam
1639 2620 1763 2668 dedi.

175 2709 291 2758 TH.
332 2709 509 2758 Hercle
562 2710 643 2775 qui
692 2708 842 2755 multo
904 2706 1202 2769 inprobiores
1250 2703 1358 2751 sunt
1407 2718 1553 2766 quam
1602 2718 1629 2750 a
1675 2702 1831 2764 primo

447 2791 641 2840 credidi.
