2019 3131
191 115 250 158 10
885 112 1134 159 PLAVTI
1552 112 1613 178 [Ι.
1633 126 1668 161 3.
1689 122 1834 178 56-79

185 238 271 287 Illa
307 237 432 286 hanc
469 239 731 300 corrumpit
767 238 1015 288 mulierem
1051 240 1342 299 malesuada,
1382 242 1531 303 utique
1567 241 1688 290 lena.

188 317 409 366 PHILE.
457 317 740 381 Numquam
790 319 882 382 ego
934 321 995 367 illi
1045 336 1245 383 possum
1297 322 1499 384 gratiam
1547 321 1734 381 referre,
1784 332 1835 370 ut

454 400 669 446 meritust
704 399 762 447 de
799 415 889 448 me.

189 479 389 542 Scapha,
419 480 467 526 id
491 487 541 526 tu
566 480 678 526 mihi
704 496 764 527 ne
791 480 991 529 suadeas
1017 491 1067 529 ut
1091 481 1222 529 illum
1248 483 1446 531 minoris
1472 483 1696 546 pendam.
1759 505 1834 544 215

188 559 277 607 SC.
314 562 378 607 At
415 560 506 608 hoc
545 559 695 607 unum
732 561 875 609 facito
904 563 1113 624 cogites:
1152 565 1190 610 si
1220 564 1353 610 illurn
1383 565 1633 611 inseruibis
1663 565 1833 625 solum,

186 640 316 687 Dum
352 641 437 688 tibi
473 657 600 688 nune
638 641 756 689 haee
793 642 1058 702 aetatulast,
1097 645 1145 690 in
1183 644 1373 692 se‘necta
1409 646 1531 692 male
1569 645 1781 708 querere.

187 720 415 770 PHILO.
457 721 515 768 In
554 720 783 784 anginam
823 738 914 785 ego
953 739 1081 772 nunc
1117 725 1199 772 me
1239 725 1384 772 uelim
1427 726 1564 784 uorti,
1605 725 1654 773 ut
1692 719 1837 773 uene-

453 802 570 849 ficae
607 803 669 850 ssli

188 882 369 930 Fauces
405 882 700 945 prehendam
736 893 878 946 atque
915 884 1101 933 enicem
1139 886 1385 935 scelestam
1423 888 1798 935 stimulatrieem.

188 962 406 1010 PHILE.
446 963 670 1011 Eundem
709 963 920 1012 animum
958 975 1146 1029 oportet
1182 966 1310 1015 minc
1347 968 1461 1015 mihi
1499 984 1617 1028 esse,
1647 968 1839 1038 grajum
1880 987 1940 1008 m

457 1053 509 1091 ut
544 1045 798 1108 inpetraui,
1762 1070 1838 1097 220

187 1126 344 1186 Atque
382 1124 510 1184 olim,
549 1127 827 1188 priusquam
863 1127 910 1173 id
947 1127 1121 1187 extudi‚
1161 1145 1307 1192 quom
1346 1129 1411 1177 illi
1447 1130 1825 1178 subblandiebar.

188 1205 416 1255 PHILO.
457 1206 574 1252 Diui
614 1222 690 1254 me
735 1207 911 1256 faciant
954 1210 1084 1272 quod
1125 1210 1306 1268 uolunt,
1352 1211 1401 1257 ni
1443 1213 1506 1259 ob
1549 1213 1690 1260 istam
1733 1227 1840 1259 ora-

459 1288 637 1335 tionem

192 1370 266 1417 Te
303 1369 534 1416 liberasso
572 1369 731 1416 de'nuo
769 1379 814 1416 et
850 1372 901 1417 ni
938 1371 1177 1433 Scapham
1213 1371 1446 1420 enicasso.

191 1450 282 1498 SC.
323 1449 371 1496 Si
408 1450 491 1497 tibi
527 1449 931 1519 satacceptumst
966 1451 1066 1499 fore
1104 1452 1186 1499 tibi
1223 1453 1405 1500 uictum
1443 1453 1788 1516 sempiternum

189 1533 348 1593 Atque
386 1531 518 1577 illum
555 1531 820 1579 amatorem
858 1532 940 1579 tibi
976 1531 1223 1595 propritim
1259 1533 1468 1580 futurum
1505 1535 1553 1580 in
1589 1535 1703 1592 uita,
1761 1553 1838 1593 225

194 1613 292 1660 Soli
326 1612 596 1675 gerundum
633 1611 808 1661 censeo
844 1628 1030 1660 morem
1067 1613 1112 1661 e't
1148 1615 1411 1677 capiundas
1447 1616 1604 1663 crinis.

192 1692 413 1740 PHILE.
452 1693 515 1739 Vt
551 1692 721 1740 samast
758 1694 952 1750 homini,
991 1697 1103 1741 exin
1140 1695 1259 1742 solet
1295 1694 1547 1757 pecuniam
1586 1695 1815 1742 inuenire.

191 1774 301 1836 Ego
338 1776 379 1821 si
414 1776 592 1822 bonam
629 1774 807 1822 famam
845 1776 959 1821 mihi
998 1775 1234 1835 seruasso‚
1275 1785 1344 1823 sat
1380 1792 1462 1823 ero
1497 1776 1644 1823 diues.

191 1855 418 1904 PHILO.
459 1855 703 1918 Siquidem
747 1856 903 1904 hercle
944 1857 1251 1905 uendundust
1287 1867 1435 1919 pater,
1475 1857 1654 1904 uenibit
1691 1855 1843 1903 multo

461 1937 619 1999 potius

194 2019 357 2077 Quam
387 2018 431 2065 te
463 2033 540 2065 me
571 2018 683 2064 uiuo
714 2018 944 2081 umquam
977 2020 1129 2066 sinam
1159 2018 1298 2080 ege're
1330 2027 1409 2065 aut
1437 2016 1721 2066 mendicare.
1767 2035 1844 2074 230

196 2099 290 2148 SC.
327 2099 457 2158 Quid
493 2099 580 2145 illis
617 2098 869 2146 futurumst
906 2099 1086 2156 ce'teris,
1126 2101 1206 2163 qui
1243 2100 1287 2147 te
1325 2101 1518 2146 amant?

1137 2179 1358 2228 PHILE.
1400 2180 1559 2241 Magis
1595 2178 1842 2237 amabunt,

196 2261 360 2319 Quom
398 2262 474 2307 me'
500 2260 731 2308 uidebunt
767 2260 965 2322 gratiam
1002 2260 1164 2309 referre
1200 2262 1300 2308 bene
1336 2260 1542 2308 merenti.

196 2341 423 2390 PHILO.
461 2342 656 2388 Vtinam
683 2357 819 2389 meus
846 2358 974 2390 nunc
1000 2343 1214 2390 mortuos
1240 2351 1373 2405 pater
1399 2341 1458 2389 ad
1484 2357 1562 2389 me
1587 2341 1843 2397 nuntietur,

195 2422 261 2469 Vt
303 2438 394 2484 ego
437 2422 723 2469 exheredem
765 2423 884 2471 meis
926 2425 1067 2472 bonis
1107 2439 1185 2470 me
1227 2423 1398 2471 faciam
1441 2432 1582 2486 atque
1625 2422 1741 2470 haec
1789 2423 1847 2470 sit

464 2503 616 2551 heres.

199 2584 291 2632 SC.
335 2584 438 2631 Iam
481 2583 568 2631 ista
610 2585 803 2646 quidem
852 2595 1107 2648 apsumpta
1154 2585 1225 2632 res
1273 2586 1385 2633 erit:
1435 2585 1537 2632 dies
1584 2583 1847 2646 noctesque

467 2674 607 2722 estur,
644 2665 833 2723 bibitur,
1769 2681 1845 2721 235

200 2745 372 2808 Neque
410 2747 663 2808 quisquam
702 2745 1042 2807 parsimoniam
1080 2746 1295 2794 adhibe't:
1348 2746 1511 2807 sagina
1547 2743 1745 2807 plancst-
