2019 3131
202 112 229 156 8
894 105 1151 155 PLAVTI
1572 104 1631 172 [1.
1649 116 1685 155 3.
1707 112 1848 164 16-36

337 236 428 284 SC.
481 236 612 295 Quid
662 239 762 284 est?
833 235 1055 284 PHILE.
1109 236 1242 294 Quin
1293 251 1369 283 me
1422 235 1582 298 aspice
1634 244 1682 284 et
1731 250 1846 283 con-

468 316 659 379 templa,
697 323 748 382 ut
781 316 903 365 haec
938 331 1016 364 me
1053 315 1250 364 deceat?

201 396 291 444 SC.
329 395 512 444 Virtute
548 397 729 445 formae
763 396 812 443 id
840 396 1012 455 euenit,
1036 404 1082 443 te
1112 404 1164 442 ut
1196 394 1361 444 deceat
1394 395 1623 458 quidquid
1658 394 1847 443 habeas.

200 475 427 525 PHILO.
468 477 599 538 Ergo
641 477 706 524 ὁὶ)
749 479 869 524 istuc
911 477 1114 524 uerbum
1161 474 1222 533 te,
1267 475 1471 538 Scapha,
1515 474 1709 524 donabo
1755 490 1848 537 ego

467 557 607 604 hodie
643 557 801 620 aliqui,

199 638 371 701 Neque
408 637 559 700 patiar
588 647 632 684 te
668 638 818 685 istanc
855 636 1018 699 gratiis
1054 635 1283 694 laudasse,
1313 651 1434 698 quae
1470 635 1626 698 placet
1661 635 1740 682 mi.
1770 650 1844 695 175

198 718 418 766 PHILE.
455 718 583 766 Nolo
620 717 712 780 ego
749 726 793 765 te
828 718 1068 765 adsentari
1104 717 1232 764 mihi.

668 798 758 845 SC.
796 797 952 845 Nimis
988 797 1235 861 tuquidem
1271 796 1450 845 stulta’s
1485 795 1666 844 mulier.
1857 860 1859 862 V

196 880 318 937 Eho,
355 878 508 926 mauis
543 878 850 940 uituperarier
884 877 1004 925 fals6
1041 894 1187 941 quarn
1223 894 1338 926 uero
1374 877 1568 925 ext6lli?
1653 895 1743 937 177,
1773 886 1846 930 178

196 959 435 1022 Equidem
472 959 552 1020 pol
588 959 664 1006 uel
701 958 820 1006 fals&
858 967 1019 1006 tamen
1055 958 1233 1006 laudari
1268 959 1419 1005 multo
1455 957 1583 1006 malo

196 1040 357 1098 Quam
393 1039 510 1087 uero
547 1039 726 1101 culpari
763 1038 842 1087 aut
878 1054 1037 1087 meam
1075 1040 1282 1101 speciem
1319 1039 1437 1087 alios
1473 1038 1688 1087 inridere.
1771 1048 1847 1086 180

195 1119 444 1167 PHILE.
480 1119 588 1181 Ego
626 1119 795 1166 uerum
831 1135 970 1168 amo:
1021 1119 1189 1168 uerum
1229 1120 1343 1168 uolo
1386 1119 1481 1167 dici
1520 1119 1663 1167 mihi:
1713 1134 1846 1167 men-

464 1200 631 1248 dacem
669 1200 762 1247 6di.

197 1279 287 1327 SC.
338 1280 412 1328 Ita
461 1279 510 1328 ui
560 1296 638 1328 me
688 1296 833 1338 ames,
884 1281 948 1328 ita
998 1280 1302 1329 Philolaches
1352 1290 1462 1329 tuos
1514 1279 1559 1328 te
1608 1289 1749 1339 amet,
1798 1288 1848 1327 ut

463 1359 720 1408 uenusta’s.

194 1440 421 1489 PHILO.
471 1441 602 1499 Quid
644 1443 727 1499 ais,
771 1442 1002 1489 scelesta?
1051 1441 1300 1504 qu6m0d0
1343 1440 1597 1489 adiurasti?
1647 1442 1712 1489 ita
1754 1457 1846 1503 ego

463 1523 602 1569 istam
638 1521 881 1570 amarem?

195 1602 325 1660 Quid
368 1601 541 1650 ‘istaec
590 1618 666 1650 me
684 1603 711 1661 '‚
756 1603 803 1650 id
849 1618 974 1665 quor
1016 1618 1118 1651 non
1157 1602 1446 1650 additumst?
1494 1601 1678 1650 Infecta
1715 1602 1846 1651 dona
1894 1615 1914 1653 ᾳ

462 1683 597 1731 facio.

192 1764 382 1811 Peristi:
434 1765 564 1827 quod
601 1765 914 1827 promiseram
950 1765 1034 1811 tibi
1071 1764 1216 1821 d6n0,
1253 1763 1512 1827 perdidisti.
1770 1770 1844 1823 185

196 1845 286 1892 SC.
328 1844 567 1907 Equidem
617 1845 698 1906 pol
747 1846 894 1892 miror
944 1844 1040 1892 tam
1091 1854 1260 1902 catam,
1313 1854 1411 1892 tam
1461 1845 1654 1892 d6ctam
1705 1851 1750 1892 te
1799 1853 1845 1892 et

462 1926 583 1972 bene
619 1924 833 1972 eductam

193 2006 335 2053 Nunc
372 2005 563 2053 stultam
602 2006 740 2052 stulte
778 2006 946 2053 facere.

528 2085 751 2133 PHILE.
789 2085 921 2143 Quin
957 2100 1118 2144 mone,
1156 2085 1353 2148 quaeso,
1390 2086 1428 2132 si
1466 2085 1580 2147 quid
1616 2085 1757 2133 erro?

195 2167 284 2214 SC.
323 2166 401 2213 Tu
439 2166 626 2214 ecastor
661 2182 804 2224 erras,
843 2166 965 2228 quae
1005 2166 1199 2228 quidem
1238 2166 1370 2213 illum
1408 2165 1654 2227 exspectes
1693 2181 1843 2213 unum

462 2255 601 2308 atque
638 2247 705 2293 illi

193 2327 386 2375 Morem
422 2328 680 2390 praecipue
718 2328 786 2374 sic
822 2341 960 2388 geras
995 2335 1135 2388 atque
1171 2326 1289 2374 alios
1325 2325 1593 2389 aspernere.

193 2408 464 2468 Mati-dnae,
492 2423 590 2456 non
615 2408 993 2466 meretriciumst,
1021 2421 1171 2454 unum
1196 2408 1422 2454 inseruire
1446 2405 1703 2454 amantem.
1767 2427 1844 2468 190

192 2486 422 2536 PHILO.
466 2487 559 2535 Pro
602 2486 841 2550 Iuppiter!
893 2502 1006 2534 nam
1048 2487 1180 2550 qu6d
1223 2487 1403 2534 malum
1445 2486 1664 2534 uorsatur
1706 2502 1843 2535 meae

461 2568 594 2616 domi
630 2568 778 2615 illud?

191 2648 253 2695 Di
290 2648 503 2711 deaeque
541 2663 712 2696 ornnes
748 2663 824 2695 me
860 2647 1095 2710 pessumis
1131 2648 1364 2709 exemplis
1399 2647 1697 2707 interficiant,

192 2728 297 2777 Nisi
337 2729 428 2791 ego
463 2729 591 2776 illam
630 2744 776 2776 anum
812 2729 1092 2777 interfecero
1130 2730 1206 2776 siti
1239 2729 1460 2792 fameque
1496 2738 1638 2792 atque
1675 2729 1799 2792 algu.
