2019 3131
220 142 281 187 22
687 111 691 114 ⁴
918 136 1169 185 PLAVTI
1545 136 1632 205 [11.
1656 148 1690 187 2.
1721 157 1855 198 32-51

217 265 327 313 TR.
365 265 596 315 Occidisti
629 265 853 314 hercle-

755 346 871 394 TH.
909 345 1070 405 Quem
1109 347 1392 396 mortalem?

1293 428 1404 476 TR.
1441 428 1615 477 Omnis
1650 435 1772 476 tuos.

217 507 334 555 TH.
370 507 434 554 Di
470 506 516 555 te
554 507 770 571 deaeque
806 523 974 557 omnes
992 496 1310 571 faxint'cum
1348 509 1464 556 istoc
1499 507 1729 557 omine-—

219 587 332 636 TR.
369 588 555 645 Metuo,
591 597 636 636 te
672 598 815 652 atque
851 590 968 637 istos
1004 588 1196 652 expiare
1230 597 1282 636 ut
1317 589 1514 652 possies.
1778 597 1860 649 465

218 668 333 716 TH.
370 669 530 727 Quam
567 670 630 716 ob
667 672 800 718 rem?
849 669 929 718 aut
965 685 1112 733 quam
1148 671 1309 719 subito
1344 670 1445 718 rem
1479 671 1595 718 mihi
1635 671 1862 734 adportas

484 752 697 798 nouam?
732 806 749 815 ..

760 832 768 837 “
1123 830 1146 856 *
1321 829 1345 856 *
1522 831 1544 857 *

215 912 327 959 TR.
364 911 440 971 Et,
478 911 610 971 heus,
647 913 756 961 iube
792 913 897 960 illos
934 913 1060 961 illinc
1096 914 1241 962 ambo
1276 912 1545 976 apscedere.

213 992 329 1041 TH.
364 993 635 1056 Apscedite.

551 1075 662 1122 TR.
699 1074 848 1122 Aedis
883 1090 943 1122 ne
979 1074 1196 1137 attigatis.
1266 1073 1475 1138 Tangite

217 1156 320 1204 Vos
356 1156 551 1219 quoque
587 1164 776 1204 terram.

685 1236 798 1285 TH.
848 1237 1065 1300 Opsecro
1099 1236 1272 1297 hercle,
1309 1238 1423 1301 quin
1459 1238 1712 1302 †eloquere
1749 1274 1759 1286 .
1802 1276 1810 1286 .
1850 1277 1859 1286 .

214 1317 325 1365 TR.
363 1317 490 1376 Quia
548 1317 734 1380 septem
791 1333 983 1366 menses
1041 1317 1165 1378 sunt,
1224 1334 1371 1382 quom
1431 1320 1478 1366 in
1528 1319 1669 1367 hasce
1729 1319 1862 1366 aedis

483 1395 655 1458 pedem
1780 1413 1862 1456 470

214 1475 374 1525 Nemo
410 1477 536 1524 Intro
571 1476 733 1535 tetulit,
771 1475 916 1524 semel
953 1486 1003 1525 ut
1038 1475 1388 1539 emigrauimus.

214 1557 332 1606 TH.
369 1558 624 1621 Eloquere,
662 1558 777 1621 quid
815 1559 910 1606 ita?

821 1639 932 1687 TR.
972 1639 1445 1701 Circumspicedum:
1495 1638 1720 1702 numquis
1757 1646 1841 1698 est,

216 1720 500 1769 Sermonem
539 1728 754 1767 nostrum
792 1721 873 1782 qui
909 1718 1177 1782 aucupet?-

1021 1802 1138 1849 TH.
1179 1800 1364 1849 Tutum
1402 1803 1613 1864 probest.

214 1883 324 1931 TR.
363 1882 691 1945 Circumspice
728 1883 887 1930 etiam.

719 1964 834 2012 TH.
873 1962 1105 2011 Nemost:
1155 1964 1350 2026 loquere
1387 1961 1625 2011 nunciam.

215 2045 325 2092 TR.
365 2043 590 2107 Capitalis
628 2044 787 2110 caedis
822 2043 1006 2092 factast.

708 2113 712 2124 ¹
821 2125 934 2172 TH.
979 2125 1092 2172 Non
1129 2125 1368 2188 intellego.
1773 2142 1854 2186 475

216 2208 325 2255 TR.
366 2207 529 2255 Scelus
566 2208 763 2269 inquam
800 2206 1036 2264 factumst,
1073 2206 1167 2254 iam
1205 2207 1284 2254 diu
1321 2207 1568 2270 antiquom
1605 2206 1651 2254 et
1687 2214 1841 2255 uetus.

221 2285 272 2332 T
263 2286 331 2333 H.
368 2286 670 2348 Antiquom?
734 2284 784 2331 T
775 2284 842 2331 R.
878 2284 936 2331 Id
960 2284 1081 2332 adeo
1106 2284 1194 2332 nos
1219 2300 1348 2333 nunc
1374 2285 1550 2332 factum
1574 2283 1860 2333 inu-enimus,

216 2366 334 2414 TH.
373 2366 503 2424 Quid
539 2365 658 2414 istuc
696 2374 768 2413 est
804 2366 1002 2413 sceleris
1039 2364 1118 2413 aut
1154 2367 1259 2428 quis
1296 2367 1342 2413 id
1378 2366 1519 2414 fecit?
1567 2367 1701 2414 cedo.

215 2447 325 2496 TR.
363 2447 561 2510 Hospes
597 2448 787 2495 necauit
824 2446 1062 2509 hospitem
1099 2446 1290 2510 captum
1326 2462 1498 2495 manu:

216 2529 328 2588 Iste,
367 2528 418 2576 ut
455 2543 548 2590 ego
584 2529 769 2590 opinor,
808 2529 887 2590 qui
923 2527 1010 2575 has
1047 2529 1129 2575 tibi
1167 2528 1297 2576 aedis
1332 2527 1560 2576 uendidit.
1779 2539 1863 2589 480

217 2609 332 2657 TH.
371 2608 606 2657 Necauit?
792 2611 800 2617 '

522 2690 633 2737 TR.
672 2689 951 2753 Aurumque
989 2689 1030 2737 ei
1066 2689 1243 2737 ademit
1279 2689 1456 2752 hospiti

217 2772 439 2833 Eumque
475 2771 552 2819 hic
590 2771 767 2820 defodit
805 2771 1043 2833 hospitem
1079 2771 1256 2818 ibidem
1292 2771 1341 2818 in
1377 2771 1585 2820 aedibus.
