2019 3131
139 133 232 181 111.
259 146 293 181 1.
322 130 541 198 137-159]
721 129 1218 180 MOSTELLARIA
1732 131 1790 175 31

140 261 393 324 Quidquid
426 267 500 308 est
530 260 798 317 dicundum,
835 259 885 306 1'd
922 259 1215 306 decretumst
1251 258 1426 306 dicere.
1714 264 1794 317 667

139 340 255 388 TH.
291 341 423 399 Quid
458 341 636 402 igitur?
685 341 780 388 iam
817 338 1170 388 commentu's?

1074 419 1186 467 TR.
1225 418 1289 466 Di
1325 420 1471 466 istum
1506 417 1796 480 perduint—

138 504 298 550 Immo
335 503 490 551 istunc
527 503 699 565 potius.
770 501 845 549 De
883 502 1042 550 uicino
1079 501 1172 549 hoc
1208 501 1453 563 proxumo

137 585 273 632 Tuos
302 582 418 630 emit
454 584 584 631 aedis
621 584 762 632 filius.
1715 588 1796 641 670

677 664 794 712 TH.
831 663 1005 712 Bonan
1042 665 1168 712 fide?

137 745 248 793 TR.
289 745 535 809 Siquide'm
574 755 624 794 tu
661 755 912 810 argentum
950 743 1248 804 redditurus
1287 743 1388 792 tum
1420 746 1576 792 bona:

138 827 188 878 Si
224 824 492 874 redditurus
529 827 628 875 non
665 843 732 886 es,
770 843 871 875 non
908 828 1024 875 emit
1060 829 1205 875 bona.

36 932 65 966 1„-
99 936 102 939 ·
136 908 251 958 Non
289 911 340 957 in
375 909 486 958 loco
522 912 636 957 emit
671 904 934 973 perbono?

878 989 988 1037 TR.
1026 988 1186 1036 Immo
1222 989 1272 1035 in
1310 988 1526 1051 optumo.

136 1070 252 1118 TH.
290 1071 448 1133 Cupio
484 1069 639 1118 hercle
676 1071 911 1134 inspicere
947 1070 1095 1118 hasce
1132 1068 1277 1116 aedis.
1352 1065 1608 1116 Pultadtim
1644 1067 1756 1115 foris

133 1152 293 1216 Atque
329 1152 480 1201 euoca
517 1152 726 1215 aliquem
763 1153 890 1199 intus
927 1151 989 1199 ad
1023 1159 1083 1209 te,
1124 1150 1322 1198 Tranio.
1712 1156 1793 1210 675

137 1233 247 1281 TR.
284 1233 415 1282 Ecce
451 1232 610 1281 autem
648 1233 792 1295 perii:
842 1230 973 1281 nunc
1008 1232 1126 1295 quid
1163 1231 1322 1280 dicam
1359 1229 1538 1279 nescio.

133 1312 311 1361 Iterum
346 1316 440 1362 iam
478 1314 539 1362 ad
574 1329 725 1361 unum
761 1313 931 1362 saxum
967 1329 1044 1360 me
1080 1311 1256 1362 fluctus
1291 1311 1463 1361 ferunt.

138 1396 250 1463 TH.
289 1396 421 1456 Quid
457 1394 618 1444 nunc?

540 1477 648 1526 TR.
688 1476 805 1525 Non
839 1476 1010 1535 hercle,
1049 1476 1166 1540 quid
1203 1490 1331 1523 nunc
1368 1475 1553 1533 faciam,
1590 1472 1791 1536 reperio.

131 1557 409 1607 Manufesto
444 1567 623 1606 teneor.

537 1639 656 1686 TH.
693 1626 980 1688 Euocadum
1017 1638 1224 1701 aliquem
1261 1637 1426 1685 ocius:

133 1720 274 1784 Roga
309 1720 652 1770 circumducat.

535 1802 646 1849 TR.
685 1801 825 1850 Heus
862 1810 928 1860 tn,
965 1810 1011 1849 at
1047 1800 1123 1848 hic
1160 1807 1271 1848 sunt
1307 1797 1557 1847 mulieres:
1706 1804 1788 1845 680

129 1880 451 1931 Videndumst
487 1884 710 1946 primurn,
749 1892 908 1930 utrum
944 1881 1030 1930 eae
1065 1881 1276 1929 uelintne
1313 1896 1376 1928 an
1412 1880 1513 1928 non
1548 1879 1707 1927 uelint.

129 1963 247 2011 TH.
282 1963 477 2012 Bonum
513 1963 820 2027 aequomque
857 1978 978 2012 oras.
1051 1950 1092 2022 Ϊ,
1132 1970 1416 2025 percontare
1452 1960 1499 2008 et
1534 1976 1682 2024 roga:

127 2044 237 2106 Ego
274 2043 353 2093 hic
389 2045 636 2108 tantisper,
674 2045 790 2093 dum
826 2043 945 2103 exis,
981 2053 1026 2092 te
1064 2042 1285 2106 opperiar
1321 2042 1446 2090 foris.

130 2123 241 2174 TR.
277 2125 342 2172 Di
377 2124 422 2173 te
459 2125 676 2189 deaeque
713 2140 882 2174 omnes
917 2124 1130 2173 funditus
1167 2122 1383 2187 perdant,
1421 2138 1601 2171 senex:

127 2205 202 2253 Ita
237 2221 346 2255 mea
382 2207 582 2255 consilia
617 2205 831 2271 undique
867 2205 1121 2269 oppugnas
1156 2205 1364 2253 male.—
1704 2209 1783 2261 685

127 2286 278 2349 Euge,
316 2287 511 2350 optume
547 2303 717 2336 eccum
752 2287 942 2336 aedium
978 2285 1202 2335 dominus
1238 2287 1366 2334 foras

128 2365 263 2415 Sim6
299 2368 600 2431 progreditur
634 2369 785 2432 ipsus.
858 2367 974 2416 Huc
1011 2366 1312 2426 concessero,

126 2447 258 2495 Dum
293 2449 412 2495 mihi
448 2458 667 2497 senatum
703 2449 870 2497 consili
904 2450 954 2497 in
990 2464 1074 2498 cor
1107 2449 1344 2496 conuocO.

127 2528 280 2591 Igitur
314 2538 414 2577 tum
451 2531 682 2578 accedam
718 2530 826 2588 huc,
863 2529 1060 2593 quando
1096 2528 1211 2592 quid
1247 2542 1388 2590 agam
1424 2523 1667 2573 inuenero.
