2019 3131
191 116 254 160 42
885 114 1136 164 PLAVTI
1530 116 1643 183 [111.
1668 127 1702 166 3.
1728 135 1840 177 4-23

190 242 305 290 TH.
342 229 532 306 Ecquid
574 245 806 306 placeant,
843 244 920 292 me
963 248 1140 308 rogas?
1190 244 1348 294 Immo
1390 246 1547 295 hercle
1588 262 1703 295 uero
1735 245 1842 310 per-

456 325 662 386 placent.

190 403 299 453 TR.
338 404 660 463 Quoiusmodi
696 406 1029 469 gunaeceum?
1101 407 1233 466 Quid
1268 408 1540 471 porticum?
1750 445 1823 471 a<
1853 435 1903 468 ς,
1949 419 1960 439 s‘
2005 459 2019 478 s

1225 487 1344 538 TH.
1381 488 1612 538 Insanum
1647 491 1843 538 bonam.

190 566 304 614 Non
335 567 558 630 equidem
588 568 736 615 ullam
769 569 817 616 in
850 569 1044 631 publico
1076 585 1178 619 esse
1208 570 1441 618 maiorem
1471 572 1561 619 hac
1593 573 1842 619 existumo.

189 647 298 695 TR.
336 648 471 707 Quin
514 664 606 711 ego
649 649 748 713 ipse
792 660 836 698 et
873 650 1172 699 Philolaches
1213 653 1263 698 in
1301 650 1495 714 publico
1533 653 1691 701 omnis
1733 653 1842 716 por-

458 730 578 777 ticus
1763 753 1845 795 910

190 808 364 858 Sumus
401 811 683 859 commensi.

523 891 644 939 TH.
684 892 814 952 Quid
851 894 1023 954 igitur?

885 974 994 1022 TR.
1031 974 1197 1037 Longe
1234 975 1451 1023 omnium
1489 976 1845 1038 longissumast.

188 1055 302 1103 TH.
339 1054 404 1102 Di
433 1055 728 1113 inmortales,
755 1055 1036 1103 mercimoni
1063 1055 1208 1118 lepidi
1231 1058 1238 1103 !
1311 1057 1374 1104 δι’
1397 1057 1551 1105 hercle
1576 1057 1702 1106 minc
1728 1059 1844 1106 ferat

189 1136 282 1185 Sex
319 1137 494 1184 talenta
530 1136 707 1198 magna
743 1138 922 1198 argenti
961 1152 1046 1199 pro
1084 1138 1184 1185 istis
1219 1138 1551 1201 praesentaria,

187 1216 469 1280 Numquam
506 1218 753 1280 accipiam.

342 1299 452 1345 TR.
495 1298 542 1345 Si
580 1298 734 1346 hercle
772 1300 988 1361 accipere
1026 1298 1206 1362 cupias,
1244 1316 1334 1362 ego
1372 1300 1638 1363 numquam
1675 1303 1842 1350 sinam.

189 1380 307 1428 TH.
344 1379 474 1426 Bene
511 1395 584 1427 res
622 1390 783 1427 nostra
820 1381 1117 1429 conlocatast
1155 1384 1274 1429 istoc
1311 1384 1640 1430 mercimonio.
1760 1404 1840 1443 915

189 1462 300 1509 TR.
338 1461 421 1508 Me
459 1477 652 1509 suasore
685 1472 826 1524 atque
860 1463 1102 1524 inpulsore
1137 1464 1184 1509 id
1217 1464 1394 1511 factum
1429 1465 1650 1511 audacter
1682 1465 1842 1523 dicito,

189 1544 291 1602 Qui
327 1544 493 1605 subegi
531 1543 723 1590 faenore
762 1555 1011 1605 argentum
1049 1545 1110 1593 ab
1147 1546 1333 1593 (lanista
1368 1554 1419 1593 ut
1456 1545 1676 1604 sumeret,

190 1625 337 1683 Quod
373 1626 445 1672 isti
483 1624 701 1672 dedimus
740 1624 974 1673 arraboni.

821 1706 940 1752 TH.
979 1706 1235 1755 Seruauisti
1272 1707 1468 1756 omnem
1505 1718 1668 1775 ratem.

190 1787 381 1850 Nempe
419 1787 664 1849 octoginta
701 1787 933 1835 debentur
969 1789 1078 1836 huic
1116 1790 1311 1836 minae?
1549 1775 1555 1776 ἶ

1089 1871 1201 1918 TR.
1239 1872 1351 1919 Hau
1389 1887 1590 1920 nummo
1627 1871 1844 1935 amplius.

196 1952 305 1998 TH.
346 1951 509 1999 Hodie
546 1952 760 2014 accipiat.

533 2033 645 2080 TR.
682 2023 753 2080 sta
791 2035 1052 2091 enimuero,
1091 2033 1150 2081 ne
1188 2050 1283 2096 qua
1320 2048 1463 2082 causa
1503 2034 1694 2096 supsiet.
1764 2056 1846 2096 920

190 2114 278 2162 Vel
316 2116 432 2161 mibi
471 2114 812 2162 denumerato:
860 2130 952 2176 ego
990 2116 1054 2162 illi
1093 2116 1235 2177 porro
1273 2116 1665 2164 denumerauerO.

191 2195 308 2244 TH.
347 2186 410 2243 Ᾰῑ
447 2197 575 2244 enim
612 2213 672 2245 ne
710 2195 825 2259 quid
853 2196 1093 2265 ,captionis
1128 2197 1242 2243 mihi
1281 2198 1353 2255 sit,
1392 2198 1428 2244 si
1467 2198 1675 2245 dederim
1713 2199 1809 2246 tibi.

191 2279 302 2326 TR.
339 2265 512 2340 Egone
550 2289 594 2326 te
631 2279 789 2327 ioculo
826 2279 975 2327 modo
1014 2280 1166 2326 ausim
1204 2280 1332 2326 dicto
1375 2288 1454 2326 aut
1489 2279 1614 2327 facto
1649 2280 1844 2328 fallere?

191 2360 307 2406 TH.
343 2347 515 2422 Egone
553 2376 637 2422 aps
674 2370 718 2408 te
755 2361 908 2408 ausim
946 2361 1044 2408 non
1081 2376 1264 2419 cauere,
1299 2360 1359 2408 ne
1397 2360 1513 2423 quid
1546 2361 1843 2409 committam

460 2442 579 2489 tibi?

192 2523 303 2569 TR.
341 2522 470 2581 Quia
513 2526 596 2571 tibi
644 2539 911 2587 numquam
958 2525 1234 2588 quidquam,
1273 2534 1530 2588 postquam
1573 2524 1682 2574 tuos
1724 2541 1843 2585 sum,

461 2605 718 2665 uerborum
755 2607 879 2653 dedi.
1763 2627 1842 2668 9²5

199 2686 308 2732 TH.
343 2672 452 2748 Ego
487 2687 616 2733 enim
653 2688 759 2734 caui
796 2687 934 2735 recte.
1015 2688 1118 2735 TR.
1156 2688 1277 2734 Eam
1301 2689 1390 2734 ‘mi
1424 2688 1601 2735 habeas
1644 2687 1844 2751 gratiam

459 2777 600 2829 atque
636 2769 798 2816 animo
835 2784 958 2817 meo,
1331 2764 1409 2801 ιζ’-ἐ
