2019 3131
102 111 189 158 1V.
217 131 254 159 2.
280 107 450 176 44-57]
690 108 1189 158 Mos'rELLARIA
1707 114 1770 157 45

104 239 307 289 Ddcere.

174 322 291 371 TH.
331 321 455 381 Quis
492 320 639 370 istaec
675 320 912 370 faciebat?

712 403 823 450 PH.
860 401 1177 450 Philolaches.

1051 483 1169 531 TH.
1208 483 1306 542 Qui
1344 481 1686 531 Philolaches?

106 567 214 615 PH.
253 567 388 626 Quoi
422 575 606 629 patrem
643 566 1008 629 Theoropidem
1046 581 1152 614 esse
1187 566 1375 628 opinor.

1155 647 1272 694 TH.
1312 645 1371 693 Ei
1407 646 1553 694 mz'lzz':
1604 646 1772 704 occidi,

107 730 156 778 Si
191 730 311 778 haee
349 730 426 778 hic
462 745 577 778 uera
613 727 860 778 memorat.
933 730 1136 792 Pergam
1173 728 1319 791 porro
1355 727 1694 791 percontarier.

104 801 202 859 Ᾰίη
235 820 284 858 tu
321 811 426 859 istic
464 810 630 874 potare
666 811 857 859 solitum
885 810 1215 858 Philolachem
1250 810 1408 868 istum,
1437 810 1655 873 quisquis
1689 817 1772 866 est,

106 891 230 946 Cum
267 909 350 941 ero
386 893 584 941 uostro?
1687 897 1770 952 965

445 974 552 1021 PH.
592 974 700 1032 Hic,
740 975 953 1038 inquam.

672 1057 790 1105 TH.
829 1057 997 1115 Puere,
1035 1056 1222 1120 praeter
1259 1055 1465 1118 speciem
1504 1054 1671 1103 stultus
1708 1070 1773 1102 es.

106 1138 229 1186 Vide
268 1139 332 1187 sis
368 1154 429 1187 ne
467 1138 587 1187 forte
625 1138 1003 1199 {Qmeoemlam
1041 1139 1271 1201 quopiam
1309 1137 1569 1185 deuorteris

104 1208 266 1284 Atque
304 1220 370 1268 ibi
407 1218 717 1284 ampliuscule
752 1236 901 1283 quam
937 1219 1052 1268 satis
1088 1219 1228 1268 fuerit
1264 1219 1457 1267 biberis.

1352 1300 1462 1349 PH.
1500 1300 1633 1359 Quid
1668 1302 1773 1348 est?

105 1382 221 1431 TH.
259 1369 336 1431 fta
372 1382 514 1431 dico:
564 1399 625 1431 ne
664 1384 725 1431 ad
762 1382 876 1431 alias
913 1383 1045 1432 aedis
1080 1381 1332 1446 perperam
1372 1381 1634 1430 deueneris.

104 1465 227 1513 PH.
266 1465 379 1514 Scio
412 1481 507 1528 qua
541 1481 618 1513 me
651 1465 717 1514 ire
746 1465 952 1528 oportet,
983 1474 1027 1512 et
1058 1480 1156 1529 quo
1185 1464 1402 1513 uenerim
1429 1466 1548 1512 noui
1579 1464 1754 1512 locum.

107 1546 409 1596 Philolaches
445 1546 521 1594 hic
558 1546 757 1606 habitat,
785 1547 958 1611 quoius
997 1546 1069 1594 est
1105 1553 1240 1609 pater
1266 1545 1637 1609 Theoropides:
1694 1565 1775 1607 970

108 1629 227 1688 Qui,
253 1638 512 1692 postquam
548 1638 681 1692 pater
716 1628 777 1677 ad
811 1637 1077 1677 mercatum
1112 1627 1223 1676 hinc
1260 1627 1389 1687 abiit,
1415 1628 1492 1676 hic
1529 1627 1774 1676 tibicinam

107 1709 370 1759 Liberauit.

246 1792 364 1841 TH.
402 1792 768 1842 Philolachesne
805 1794 957 1854 ergo?

788 1873 897 1922 PH.
935 1861 1038 1923 sta:
1088 1871 1427 1923 Philematium
1464 1873 1676 1935 quidem.

31 2016 48 2028 .
109 1958 228 2007 TH.
263 1956 480 2017 Quanti?
1669 1965 1777 2018 973³

346 2039 453 2087 PH.
493 2038 783 2102 Triginta—-

652 2120 769 2168 TH.
809 2119 1062 2168 Talentis?

882 2201 987 2248 PH.
1026 2204 1098 2246 Μὰ
1136 2204 1208 2245 τὸν
1242 2201 1456 2256 Ἀπόλλω,
1495 2199 1579 2248 sed
1617 2198 1774 2246 minis.

112 2283 230 2332 TH.
267 2283 547 2331 Liberauit?
1666 2278 1778 2341 973,b

417 2365 525 2413 PH.
566 2363 811 2412 Liberauit
848 2363 1019 2421 ufflide,
1058 2362 1248 2426 triginta
1287 2363 1444 2410 minis.

112 2446 229 2495 TH.
267 2435 365 2494 Ain
400 2447 544 2495 minis
580 2446 775 2508 triginta
811 2445 1019 2494 amicam
1055 2444 1344 2492 destInatum
1383 2442 1748 2491 Philolachem?

113 2527 222 2576 PH.
258 2516 364 2575 ᾸῘΟ.
1233 2523 1239 2528 ’
1692 2542 1772 2585 975

215 2609 334 2658 TH.
372 2609 535 2671 Atque
569 2624 675 2657 eam
713 2623 861 2656 manu
897 2606 1146 2656 emisisse?

656 2690 764 2737 PH.
800 2690 907 2737 Aio.

804 2771 924 2818 TH.
960 2756 1024 2817 Et
1059 2777 1318 2832 postquam
1355 2768 1458 2816 eius
1493 2767 1605 2815 hinc
1645 2775 1779 2829 pater
