2019 3131
66 139 190 185 11.1.
219 133 386 201 17-29]
647 133 1145 183 MOSTELLARIA
1663 119 1724 178 17

915 262 1145 310 PHILO.
1183 262 1315 320 Quid
1350 270 1396 308 et
1432 275 1524 322 ego
1561 268 1606 306 et
1641 261 1723 306 tu?

1324 341 1436 389 TR.
1473 339 1726 388 Pertimus.

68 426 294 476 PHILO.
332 427 467 486 Quid
501 428 599 474 ita?

514 506 624 554 TR.
662 507 802 553 Pater
839 504 987 551 adest.

676 585 907 634 PHILO.
946 586 1043 643 Ah,
1081 584 1196 648 quid
1233 599 1326 645 ego
1362 599 1431 630 ex
1469 593 1513 630 te
1550 580 1727 630 addio?

973 665 1082 713 TR.
1122 666 1387 728 Apsumpu'
1422 678 1611 711 sumus:
1649 671 1728 720 365

69 750 211 799 Paiter
246 751 444 814 inquam
481 759 589 798 tuos
625 748 770 796 uenit.

677 829 906 878 PHILO.
943 829 1039 875 Vbi
1077 829 1114 875 is
1150 839 1235 885 est,
1272 828 1508 890 6psecro?

1037 909 1147 957 TR.
1184 908 1247 955 In
1274 911 1418 970 potiti
1454 910 1546 955 iam
1582 907 1732 954 adest.

72 994 300 1044 PHILO.
341 995 466 1053 Quis
504 994 552 1041 id
587 994 681 1041 ait?
736 994 840 1056 qui>=
878 993 1031 1039 uidit?

750 1074 861 1122 TR.
897 1075 1107 1136 Egomet
1143 1074 1342 1134 inquam
1378 1071 1490 1118 uidi.

1194 1153 1423 1202 PHILO.
1460 1151 1566 1199 Vae
1604 1152 1733 1200 mihi.

74 1238 207 1297 Quid
242 1255 334 1301 ego
371 1254 464 1301 ago
501 1240 651 1286 nam?

232 1320 343 1368 TR.
381 1319 514 1379 Qm‘d
537 1329 601 1378 tn,
629 1318 828 1377 malum,
856 1334 931 1365 me
959 1317 1139 1380 rdgitas
1166 1316 1282 1380 quid
1307 1317 1454 1378 agas?
1492 1304 1732 1364 Accubas.

75 1399 322 1468 PHILO.
361 1400 512 1449 Tfitin
550 1401 744 1450 uidisti?

642 1481 753 1529 TR.
790 1466 1012 1543 Egomet,
1050 1480 1262 1541 inquam.

789 1560 1017 1609 PHILO.
1055 1560 1228 1608 Certe?

915 1641 1026 1688 TR.
1066 1640 1212 1698 Certe,
1251 1641 1465 1703 inquam.

1286 1720 1514 1770 PHILO.
1553 1708 1742 1780 Occidi,

82 1807 135 1854 Si
170 1815 219 1854 tu
253 1821 368 1853 uera
404 1805 660 1853 me'moras.
1663 1821 1742 1862 370

634 1884 742 1933 TR.
781 1884 914 1943 Quid
951 1883 1063 1932 mihi
1101 1885 1162 1931 sit
1199 1883 1329 1941 boni,
1366 1884 1405 1931 si
1442 1882 1673 1931 mentiar?

83 1967 308 2017 PHILO.
346 1967 479 2026 Quid
514 1983 607 2029 ego
644 1981 773 2014 nunc
811 1964 1019 2013 faciaim?

678 2046 790 2095 TR.
828 2046 950 2095 Iube
987 2046 1105 2094 haec
1141 2045 1252 2093 hinc
1289 2045 1452 2093 6mnia
1487 2045 1744 2093 amolirier.

84 2130 208 2191 Quis
241 2130 345 2178 istic
381 2129 592 2178 dormit?

366 2209 598 2261 PHILO.
639 2209 990 2259 Callidamates.
1063 2207 1236 2257 Sliscita
1272 2208 1428 2266 istum,
1467 2206 1746 2270 De'lphium.

84 2293 190 2342 DE.
227 2292 579 2350 Cdllidamates„
619 2290 974 2349 Callidamates,
1013 2290 1171 2353 uigila.

1030 2371 1133 2420 CA.
1169 2371 1357 2433 Vigilo:
1407 2370 1529 2419 cedo
1567 2370 1747 2419 bibam.

85 2455 191 2504 DE.
228 2454 419 2518 Vigila:
467 2462 600 2516 pater
637 2451 835 2502 aduenit
870 2468 1067 2515 peregre
1105 2451 1397 2499 Phssolache.
1435 2479 1460 2496 ψ
1530 2482 1531 2487 ,

1247 2532 1350 2580 CA.
1387 2531 1560 2580 Valezit
1595 2541 1747 2595 pater.

89 2615 317 2666 PHILO.
352 2611 495 2682 Vz'get
529 2616 605 2664 ille
642 2615 840 2679 quidem
876 2623 1019 2678 atque
1057 2615 1136 2677 egro
1172 2614 1375 2676 disperii.
1670 2629 1748 2673 375

934 2695 1037 2745 CA.
1075 2695 1162 2743 Bis
1197 2695 1390 2758 peristi?
1438 2695 1524 2758 qui
1559 2696 1751 2758 potest?

92 2779 320 2829 PHILO.
357 2778 556 2837 Quaeso
591 2777 776 2841 edepol,
817 2775 1050 2840 exstirge:
1088 2787 1221 2839 pater
1258 2775 1468 2824 aduenit.

177 2875 252 2900 ⁵0⁸.
276 2876 315 2899 Μ.
918 2881 943 2914 C
