2019 3131
205 116 267 161 26
909 114 1160 162 PLAVTI
1499 113 1677 182 [111.1.
1706 124 1847 174 28-48

202 241 312 289 lVon
348 241 587 306 cdnfilelur
601 247 628 289 ,ν’
1769 265 1846 305 555

497 323 608 371 TH.
644 324 832 381 Dicam,
872 325 909 371 si
946 322 1192 372 confessus
1227 324 1300 371 sit.

202 403 335 462 Quid
371 402 500 454 minc
536 404 814 453 faciundum
851 403 1051 452 censes?

939 484 1051 533 TR.
1086 484 1269 547 Egon?
1305 484 1420 547 quid
1457 484 1714 532 censeam?

199 563 348 627 Cape,
387 564 591 627 opsecro
627 564 798 622 hercle,
837 563 948 629 clim
986 580 1044 613 eo
1081 580 1228 612 unum
1264 581 1417 612 aecum
1453 564 1685 614 indicem:
1827 567 1879 612 A

201 645 294 692 Sed
329 644 440 692 eum
477 645 636 694 uideto
672 654 723 692 ut
761 644 925 707 capias
961 646 1042 708 qui
1079 644 1239 693 credat
1274 645 1420 693 mihi:

198 726 323 773 Tam
360 725 498 774 facile
533 728 699 775 uinces
735 726 880 788 quarn
915 727 1072 788 pirum
1107 725 1275 788 uolpes
1309 735 1506 774 comest.

197 805 304 853 DA.
346 807 440 854 Sed
477 807 816 855 Philolachetis
853 806 1044 854 Seruom
1082 822 1249 855 eccum
1286 807 1537 864 Tranium,
1767 813 1848 867 560

198 886 295 945 Qui
331 887 446 934 mihi
482 904 570 936 nec
607 888 773 936 faenus
809 887 898 936 nec
937 898 1114 937 sortem
1150 889 1334 950 argenti
1370 888 1563 935 danunt.

198 967 316 1016 TH.
355 967 469 1026 Quo
505 969 550 1017 te
587 971 721 1031 agis?

591 1051 701 1097 TR.
740 1050 1062 1113 Nequoquam
1097 1049 1381 1098 abeo—Ne
1417 1064 1510 1111 ego
1547 1047 1651 1097 stim
1689 1050 1843 1107 miser,

199 1129 452 1188 Scelestus‚
490 1140 631 1180 natus
669 1132 742 1179 dis
779 1132 982 1179 inimicis
1020 1131 1260 1180 omnibuS.

196 1209 301 1258 Iam
338 1212 418 1259 illo
454 1221 704 1274 praesente
740 1212 902 1260 adibit.
973 1211 1049 1259 Ne
1086 1227 1178 1273 ego
1213 1211 1361 1259 homo
1398 1210 1504 1259 stim
1540 1212 1716 1259 miser:

195 1291 270 1339 Ita
305 1300 350 1339 et
386 1293 500 1341 hinc
538 1302 584 1341 et
620 1294 744 1341 illinc
781 1294 847 1341 mi
883 1292 1109 1340 exhibent
1147 1292 1407 1355 negotium.
1638 1310 1641 1313 ·
1709 1276 1745 1308 ’ί
1764 1299 1844 1352 565

197 1373 292 1420 Sed
328 1373 576 1437 occupabo
614 1375 757 1422 adire.

669 1455 778 1502 DA.
816 1455 910 1503 Hic
947 1454 1008 1502 ad
1044 1469 1121 1502 me
1157 1455 1204 1519 it.
1278 1453 1448 1502 Saluos
1484 1469 1618 1502 sum:

196 1534 316 1596 Spes
352 1533 422 1582 est
459 1535 520 1584 de
557 1545 770 1598 argento.

675 1617 782 1665 TR.
821 1616 1019 1664 Hilarus
1053 1625 1153 1664 est:
1203 1615 1417 1664 frustrast
1455 1616 1618 1664 homo.

197 1696 392 1744 Saluere
427 1698 569 1744 iubeo
607 1697 665 1755 te,
707 1696 1065 1759 Misargyrides‚
1103 1699 1239 1745 bene.

195 1777 302 1825 DA.
341 1777 481 1826 Salue
517 1778 564 1825 et
601 1787 665 1826 tu.
737 1778 850 1841 quid
888 1779 946 1826 de
984 1778 1264 1840 argentost?

1150 1859 1259 1907 TR.
1296 1860 1391 1906 Abi
1429 1859 1505 1916 sis,
1543 1859 1709 1906 belua:

195 1939 441 1989 Continuo
477 1941 742 1988 adueniens
778 1942 931 2003 pilum
969 1941 1171 1988 iniecisti
1205 1941 1332 1986 mihi.
1766 1958 1846 2000 570

194 2020 301 2067 DA.
343 2021 475 2068 Certe
510 2021 586 2068 hic
622 2021 769 2069 homo
806 2022 960 2069 inanis
995 2022 1081 2069 est.

947 2103 1057 2150 TR.
1097 2102 1192 2150 Hic
1230 2102 1422 2151 homost
1459 2111 1585 2150 certe
1622 2102 1842 2169 bari-olus.

194 2183 300 2232 DA.
337 2182 470 2241 Quin
510 2192 559 2230 tu
597 2185 708 2231 istas
745 2185 890 2232 mittis
926 2186 1102 2232 tricas?

1038 2264 1148 2312 TR.
1188 2264 1319 2323 Quin
1356 2265 1470 2328 quid
1506 2266 1581 2313 uis
1617 2265 1770 2314 cedo?

194 2344 301 2390 DA.
339 2344 433 2392 Vbi
466 2344 766 2393 Philolaches
799 2348 902 2393 est?

800 2426 910 2474 TR.
948 2425 1229 2489 Nlimquam
1265 2428 1461 2488 potuisti
1495 2427 1609 2474 mihi

195 2505 354 2568 Magis
392 2506 693 2568 opportunus
729 2507 959 2555 aduenire
993 2525 1129 2569 quam
1167 2507 1377 2556 aduenis.

192 2586 299 2633 DA.
345 2586 476 2644 Quid
513 2587 614 2635 est?

600 2668 710 2716 TR.
748 2668 974 2716 Concede
1011 2668 1118 2716 huc.

795 2749 912 2795 DA.
959 2749 1081 2807 Quin
1118 2750 1420 2811 mz'hz'faenus
1455 2750 1695 2797 re'dditur?
1763 2765 1841 2810 575
