2019 3131
120 136 177 186 v.
200 146 235 185 2.
265 133 427 202 13-32]
662 135 1159 185 MOSTELLARIA
1711 146 1771 188 55

117 267 221 317 CA.
257 255 366 330 Age
400 266 533 314 mitte
568 267 659 314 ista
694 282 749 314 ac
784 275 829 314 te
864 265 925 314 ad
962 282 1040 314 me
1077 267 1139 314 ad
1176 282 1349 316 cenam
1386 268 1462 317 dic
1498 278 1771 318 uenturum.

384 347 515 406 Quid
552 348 716 396 taces?

119 428 215 478 Sed
250 436 313 485 tu,
343 429 464 476 istuc
501 428 615 490 quid
652 427 910 491 confugisti
945 429 994 476 in
1031 427 1180 487 aram,
1211 429 1596 480 inscitissumus?
1666 451 1771 492 1135

117 511 227 558 TR.
263 498 546 558 Adueniens
593 509 843 572 perterruit
890 525 982 559 me.
1052 509 1303 574 Eloquere
1351 528 1496 572 nunc,
1542 513 1659 577 quid
1706 513 1775 561 fe-

384 607 544 639 cenm.

116 671 261 721 Nunc
296 674 508 735 utrisque
546 673 837 735 disceptator
871 672 1043 722 eccum
1080 674 1240 722 adest:
1291 691 1379 737 age
1416 675 1621 739 disputa.

117 754 447 814 TH.,Fssium
484 740 751 816 corrupisse
788 755 863 802 aio
902 756 947 803 te'
984 771 1162 802 meum.

1100 837 1204 885 TR.
1245 837 1475 886 Ausculta
1511 839 1674 887 modo.

116 918 290 966 Fateor
324 918 612 980 peccauisse‚
651 918 859 966 amicam
895 918 1124 966 liberasse
1161 917 1357 980 apsente
1394 928 1456 977 te,

115 1000 320 1049 Fae'nori
374 997 627 1062 argentum
677 988 967 1063 sumpsisse:
1021 1000 1069 1046 id
1116 998 1220 1047 esse
1273 1010 1588 1063 apsumptum
1639 1000 1775 1063 prae-

386 1081 509 1129 dico.
1672 1101 1778 1141 1140

117 1161 366 1225 Numquid
402 1162 529 1210 aliud
568 1162 677 1210 fe'cit
714 1163 804 1210 nisi
841 1162 972 1226 quod
1010 1160 1211 1210 summis
1247 1162 1379 1225 gnati
1415 1162 1705 1226 generibus?

122 1244 231 1292 TH.
269 1242 448 1292 Hercle
496 1244 614 1292 mihi
662 1243 820 1292 tectim
867 1244 1198 1302 cauendumst,
1248 1243 1391 1291 nimis
1440 1243 1562 1310 qui's
1616 1244 1778 1293 orator

384 1334 534 1374 catus.

120 1408 226 1457 CA.
265 1407 380 1457 Sine
428 1424 506 1456 me
555 1407 669 1456 dum
718 1409 836 1457 istuc
885 1406 1105 1456 iudicare.
1191 1407 1372 1473 Surge:
1429 1424 1519 1471 ego
1567 1409 1643 1457 isti
1692 1408 1775 1456 ad-

385 1489 570 1538 sedero.

121 1568 232 1619 TH.
271 1570 517 1620 Maxume.
588 1571 810 1634 Accipito
847 1571 972 1620 hanc
1011 1578 1100 1619 lule
1136 1571 1198 1619 ad
1234 1580 1279 1620 te
1317 1573 1465 1621 litem.

1094 1651 1201 1701 TR.
1239 1655 1383 1702 Enim
1419 1655 1521 1702 istic
1559 1651 1778 1716 captiost.

115 1735 213 1785 Fac
272 1750 366 1798 ego
424 1750 485 1782 ne
542 1734 757 1783 metuam
817 1736 946 1815 mihi·
984 1741 1116 1798 alque
1173 1745 1223 1784 ut
1281 1735 1332 1784 tu
1391 1751 1552 1784 meam
1608 1733 1777 1783 timeas

383 1817 555 1866 uicem.
1672 1835 1776 1875 1145

117 1898 234 1948 TH.
276 1898 383 1948 Iam
435 1899 637 1947 minoris
684 1901 840 1947 dmnz'a
893 1900 990 1946 alia
1030 1899 1180 1961 scicio
1229 1915 1342 1963 prae
1397 1914 1542 1962 quam
1602 1898 1777 1960 quibus

385 1981 543 2029 modis

118 2060 204 2110 Me
239 2061 539 2110 ludificatust.

459 2143 570 2192 TR.
607 2143 740 2192 Bene
776 2143 935 2192 hercle
971 2143 1151 2193 factum
1189 2153 1234 2192 et
1270 2144 1448 2193 facturn
1485 2141 1689 2206 gaudeo.

119 2223 298 2287 Sapere
333 2226 450 2272 istac
488 2224 642 2272 aetate
679 2234 882 2287 oportet,
919 2227 1004 2288 qui
1039 2228 1104 2273 sz's
1138 2227 1292 2288 capite
1330 2225 1553 2274 candido.

116 2304 236 2355 TH.
274 2305 405 2365 Quid
434 2321 529 2368 ego
562 2321 690 2354 nunc
724 2306 933 2354 facifim?
1009 2307 1117 2355 TR.
1159 2307 1207 2354 Si
1243 2309 1424 2355 amicus
1460 2305 1659 2369 Diphilo
1696 2313 1779 2353 aut

387 2386 656 2435 Philemoni
691 2403 757 2446 es,
1671 2406 1777 2447 1149

117 2468 280 2517 Dicito
315 2470 383 2518 eis
419 2485 516 2533 quo
551 2469 696 2532 pacto
731 2479 840 2518 tuos
877 2478 922 2518 te
959 2469 1124 2519 seruos
1161 2470 1474 2519 ludificauerit
1493 2485 1505 2529 ;
1674 2487 1775 2527 1151

118 2537 358 2613 Optumas
392 2551 718 2600 frustrationes
755 2551 945 2600 dederis
981 2553 1030 2599 in
1067 2551 1344 2601 comoe'diis.

119 2631 224 2680 CA.
263 2631 396 2681 Tace
443 2648 726 2696 parumper:
780 2634 883 2681 sine
931 2634 1141 2682 uicissim
1191 2633 1268 2681 me
1318 2633 1463 2697 loqui.
1532 2629 1777 2679 Ausculta.

396 2712 443 2761 T
438 2714 504 2762 H.
542 2714 689 2763 Licet.

124 2793 210 2842 CA
266 2780 499 2843 Omnium
537 2794 745 2858 primum
782 2795 998 2844 sodalem
1036 2793 1114 2844 me
1149 2811 1254 2845 esse
1293 2797 1386 2845 scis
1421 2795 1568 2858 gnato
1606 2804 1702 2843 tuo.
