<?xml version="1.0" encoding="UTF-8"?>
<!DOCTYPE html PUBLIC "-//W3C//DTD XHTML 1.0 Transitional//EN"
    "http://www.w3.org/TR/xhtml1/DTD/xhtml1-transitional.dtd">
<html xmlns="http://www.w3.org/1999/xhtml" xml:lang="en" lang="en">
 <head>
  <title>
</title>
<meta http-equiv="Content-Type" content="text/html;charset=utf-8" />
  <meta name='ocr-system' content='tesseract 3.04.00' />
  <meta name='ocr-capabilities' content='ocr_page ocr_carea ocr_par ocr_line ocrx_word'/>
</head>
<body>
  <div class='ocr_page' id='page_1' title='image "./mostellaria1907plauuoft_0075.png"; bbox 0 0 2019 3131; ppageno 0'>
   <div class='ocr_carea' id='block_1_1' title="bbox 153 127 1818 197">
    <p class='ocr_par' dir='ltr' id='par_1_1' title="bbox 153 127 1818 197">
     <span class='ocr_line' id='line_1_1' title="bbox 153 127 1818 197; baseline 0 -17"><span class='ocrx_word' id='word_1_1' title='bbox 153 131 218 180; x_wconf 90' lang='lat' dir='ltr'>II.</span> <span class='ocrx_word' id='word_1_2' title='bbox 242 140 278 179; x_wconf 82' lang='lat'>2.</span> <span class='ocrx_word' id='word_1_3' title='bbox 305 127 470 197; x_wconf 84' lang='lat'>52—77]</span> <span class='ocrx_word' id='word_1_4' title='bbox 733 129 788 178; x_wconf 89' lang='lat' dir='ltr'>M</span> <span class='ocrx_word' id='word_1_5' title='bbox 794 130 1225 180; x_wconf 88' lang='lat' dir='ltr'><strong>OSTELLARIA</strong></span> <span class='ocrx_word' id='word_1_6' title='bbox 1745 136 1818 180; x_wconf 70' lang='lat'>23‘</span> 
     </span>
    </p>
   </div>
   <div class='ocr_carea' id='block_1_2' title="bbox 147 259 1814 2834">
    <p class='ocr_par' dir='ltr' id='par_1_2' title="bbox 147 259 1814 2834">
     <span class='ocr_line' id='line_1_2' title="bbox 154 259 1418 323; baseline 0 -15"><span class='ocrx_word' id='word_1_7' title='bbox 154 260 271 310; x_wconf 91' lang='lat' dir='ltr'>TH.</span> <span class='ocrx_word' id='word_1_8' title='bbox 309 260 618 323; x_wconf 75' lang='lat' dir='ltr'>Quaprepter</span> <span class='ocrx_word' id='word_1_9' title='bbox 652 259 700 307; x_wconf 92' lang='lat' dir='ltr'>id</span> <span class='ocrx_word' id='word_1_10' title='bbox 735 274 825 307; x_wconf 92' lang='lat' dir='ltr'>uos</span> <span class='ocrx_word' id='word_1_11' title='bbox 861 259 1042 309; x_wconf 75' lang='lat' dir='ltr'>factum</span> <span class='ocrx_word' id='word_1_12' title='bbox 1079 259 1418 323; x_wconf 64' lang='lat' dir='ltr'>suspicemini?</span> 
     </span>
     <span class='ocr_line' id='line_1_3' title="bbox 152 324 1491 403; baseline 0.001 -14"><span class='ocrx_word' id='word_1_13' title='bbox 152 341 264 390; x_wconf 87' lang='lat' dir='ltr'>TR.</span> <span class='ocrx_word' id='word_1_14' title='bbox 300 341 410 403; x_wconf 87' lang='lat' dir='ltr'>Ego</span> <span class='ocrx_word' id='word_1_15' title='bbox 444 341 630 388; x_wconf 70' lang='lat' dir='ltr'>dicam:</span> <span class='ocrx_word' id='word_1_16' title='bbox 678 341 908 390; x_wconf 88' lang='lat' dir='ltr'>ausculta.</span> <span class='ocrx_word' id='word_1_17' title='bbox 982 324 1049 390; x_wconf 65' lang='lat' dir='ltr'>Vt</span> <span class='ocrx_word' id='word_1_18' title='bbox 1083 342 1199 390; x_wconf 89' lang='lat' dir='ltr'>foris</span> <span class='ocrx_word' id='word_1_19' title='bbox 1235 341 1491 390; x_wconf 73' lang='lat' dir='ltr'>cenauerat</span> 
     </span>
     <span class='ocr_line' id='line_1_4' title="bbox 153 421 1808 486; baseline -0.001 -15"><span class='ocrx_word' id='word_1_20' title='bbox 153 423 292 471; x_wconf 90' lang='lat' dir='ltr'>Tuos</span> <span class='ocrx_word' id='word_1_21' title='bbox 328 421 517 486; x_wconf 65' lang='lat' dir='ltr'>gneitus,</span> <span class='ocrx_word' id='word_1_22' title='bbox 553 431 814 485; x_wconf 83' lang='lat' dir='ltr'><strong>postquam</strong></span> <span class='ocrx_word' id='word_1_23' title='bbox 850 422 990 470; x_wconf 82' lang='lat' dir='ltr'>rediit</span> <span class='ocrx_word' id='word_1_24' title='bbox 1026 438 1054 470; x_wconf 91' lang='lat' dir='ltr'>a</span> <span class='ocrx_word' id='word_1_25' title='bbox 1089 422 1208 472; x_wconf 71' lang='lat' dir='ltr'>cena&#39;t</span> <span class='ocrx_word' id='word_1_26' title='bbox 1245 423 1460 482; x_wconf 90' lang='lat' dir='ltr'>domum,</span> <span class='ocrx_word' id='word_1_27' title='bbox 1725 431 1808 484; x_wconf 88' lang='lat'>485</span> 
     </span>
     <span class='ocr_line' id='line_1_5' title="bbox 150 501 1295 561; baseline 0.001 -10"><span class='ocrx_word' id='word_1_28' title='bbox 150 504 356 551; x_wconf 74' lang='lat' dir='ltr'>Abfmus</span> <span class='ocrx_word' id='word_1_29' title='bbox 391 518 564 551; x_wconf 89' lang='lat' dir='ltr'>omnes</span> <span class='ocrx_word' id='word_1_30' title='bbox 599 501 828 561; x_wconf 76' lang='lat' dir='ltr'>cubitum,</span> <span class='ocrx_word' id='word_1_31' title='bbox 867 503 1295 552; x_wconf 73' lang='lat' dir='ltr'>condormiuimuS.</span> 
     </span>
     <span class='ocr_line' id='line_1_6' title="bbox 150 584 1359 647; baseline 0 -14"><span class='ocrx_word' id='word_1_32' title='bbox 150 584 424 633; x_wconf 88' lang='lat' dir='ltr'>Lucernam</span> <span class='ocrx_word' id='word_1_33' title='bbox 459 584 579 631; x_wconf 90' lang='lat' dir='ltr'>forte</span> <span class='ocrx_word' id='word_1_34' title='bbox 615 584 793 632; x_wconf 75' lang='lat' dir='ltr'>oblitus</span> <span class='ocrx_word' id='word_1_35' title='bbox 828 584 1013 632; x_wconf 90' lang='lat' dir='ltr'>fueram</span> <span class='ocrx_word' id='word_1_36' title='bbox 1049 586 1359 647; x_wconf 72' lang='lat' dir='ltr'>extinguere:</span> 
     </span>
     <span class='ocr_line' id='line_1_7' title="bbox 149 664 1379 728; baseline 0 -15"><span class='ocrx_word' id='word_1_37' title='bbox 149 666 308 728; x_wconf 84' lang='lat' dir='ltr'>Atque</span> <span class='ocrx_word' id='word_1_38' title='bbox 345 665 424 713; x_wconf 88' lang='lat' dir='ltr'>ssle</span> <span class='ocrx_word' id='word_1_39' title='bbox 460 665 697 713; x_wconf 84' lang='lat' dir='ltr'>exclamat</span> <span class='ocrx_word' id='word_1_40' title='bbox 732 664 990 728; x_wconf 72' lang='lat' dir='ltr'>derepente</span> <span class='ocrx_word' id='word_1_41' title='bbox 1025 665 1379 714; x_wconf 67' lang='lat' dir='ltr'>mexumum—</span> 
     </span>
     <span class='ocr_line' id='line_1_8' title="bbox 152 745 1181 809; baseline 0.004 -17"><span class='ocrx_word' id='word_1_42' title='bbox 152 745 270 792; x_wconf 91' lang='lat' dir='ltr'>TH.</span> <span class='ocrx_word' id='word_1_43' title='bbox 306 745 428 804; x_wconf 80' lang='lat' dir='ltr'>Quis</span> <span class='ocrx_word' id='word_1_44' title='bbox 465 746 648 794; x_wconf 85' lang='lat' dir='ltr'>homo?</span> <span class='ocrx_word' id='word_1_45' title='bbox 697 746 760 795; x_wconf 73' lang='lat' dir='ltr'>an</span> <span class='ocrx_word' id='word_1_46' title='bbox 796 755 972 809; x_wconf 87' lang='lat' dir='ltr'>gnatus</span> <span class='ocrx_word' id='word_1_47' title='bbox 1009 749 1181 796; x_wconf 87' lang='lat' dir='ltr'>meus?</span> 
     </span>
     <span class='ocr_line' id='line_1_9' title="bbox 830 825 1693 887; baseline 0.002 -12"><span class='ocrx_word' id='word_1_48' title='bbox 830 827 940 876; x_wconf 90' lang='lat' dir='ltr'>TR.</span> <span class='ocrx_word' id='word_1_49' title='bbox 980 825 1063 887; x_wconf 63' lang='grc' dir='ltr'>δι’,</span> <span class='ocrx_word' id='word_1_50' title='bbox 1102 838 1234 876; x_wconf 87' lang='lat' dir='ltr'>tace:</span> <span class='ocrx_word' id='word_1_51' title='bbox 1283 828 1495 877; x_wconf 72' lang='lat' dir='ltr'>ausculta</span> <span class='ocrx_word' id='word_1_52' title='bbox 1531 828 1693 877; x_wconf 89' lang='lat' dir='ltr'>modo.</span> 
     </span>
     <span class='ocr_line' id='line_1_10' title="bbox 149 906 1810 972; baseline 0.001 -17"><span class='ocrx_word' id='word_1_53' title='bbox 149 908 230 955; x_wconf 92' lang='lat' dir='ltr'>Ait</span> <span class='ocrx_word' id='word_1_54' title='bbox 265 906 456 956; x_wconf 83' lang='lat' dir='ltr'>uenisse</span> <span class='ocrx_word' id='word_1_55' title='bbox 494 908 626 956; x_wconf 89' lang='lat' dir='ltr'>illum</span> <span class='ocrx_word' id='word_1_56' title='bbox 663 909 714 956; x_wconf 84' lang='lat' dir='ltr'>in&#39;</span> <span class='ocrx_word' id='word_1_57' title='bbox 749 908 932 957; x_wconf 76' lang='lat' dir='ltr'>semnis</span> <span class='ocrx_word' id='word_1_58' title='bbox 968 910 1029 957; x_wconf 89' lang='lat' dir='ltr'>ad</span> <span class='ocrx_word' id='word_1_59' title='bbox 1067 925 1118 958; x_wconf 91' lang='lat' dir='ltr'>se</span> <span class='ocrx_word' id='word_1_60' title='bbox 1155 909 1415 958; x_wconf 78' lang='lat' dir='ltr'>mertuom.</span> <span class='ocrx_word' id='word_1_61' title='bbox 1727 929 1810 972; x_wconf 90' lang='lat'>490</span> 
     </span>
     <span class='ocr_line' id='line_1_11' title="bbox 151 989 995 1054; baseline 0.002 -17"><span class='ocrx_word' id='word_1_62' title='bbox 151 989 270 1038; x_wconf 90' lang='lat' dir='ltr'>TH.</span> <span class='ocrx_word' id='word_1_63' title='bbox 309 989 501 1054; x_wconf 89' lang='lat' dir='ltr'>Nempe</span> <span class='ocrx_word' id='word_1_64' title='bbox 537 989 654 1052; x_wconf 86' lang='lat' dir='ltr'>ergo</span> <span class='ocrx_word' id='word_1_65' title='bbox 689 991 738 1038; x_wconf 90' lang='lat' dir='ltr'>in</span> <span class='ocrx_word' id='word_1_66' title='bbox 776 992 995 1039; x_wconf 89' lang='lat' dir='ltr'>somnis?</span> 
     </span>
     <span class='ocr_line' id='line_1_12' title="bbox 859 1058 1705 1122; baseline 0.004 -4"><span class='ocrx_word' id='word_1_67' title='bbox 859 1071 971 1118; x_wconf 87' lang='lat' dir='ltr'>TR.</span> <span class='ocrx_word' id='word_1_68' title='bbox 1009 1058 1115 1120; x_wconf 74' lang='lat' dir='ltr'>fta:</span> <span class='ocrx_word' id='word_1_69' title='bbox 1168 1072 1253 1120; x_wconf 90' lang='lat' dir='ltr'>sed</span> <span class='ocrx_word' id='word_1_70' title='bbox 1289 1072 1506 1122; x_wconf 70' lang='lat' dir='ltr'>ausculta</span> <span class='ocrx_word' id='word_1_71' title='bbox 1542 1072 1705 1121; x_wconf 90' lang='lat' dir='ltr'>modo.</span> 
     </span>
     <span class='ocr_line' id='line_1_13' title="bbox 149 1151 1401 1216; baseline 0.003 -18"><span class='ocrx_word' id='word_1_72' title='bbox 149 1151 232 1199; x_wconf 92' lang='lat' dir='ltr'>Ait</span> <span class='ocrx_word' id='word_1_73' title='bbox 267 1151 402 1200; x_wconf 90' lang='lat' dir='ltr'>sslum</span> <span class='ocrx_word' id='word_1_74' title='bbox 438 1151 531 1201; x_wconf 91' lang='lat' dir='ltr'>hoc</span> <span class='ocrx_word' id='word_1_75' title='bbox 567 1160 710 1216; x_wconf 87' lang='lat' dir='ltr'>pacto</span> <span class='ocrx_word' id='word_1_76' title='bbox 747 1153 838 1201; x_wconf 87' lang='lat' dir='ltr'>s1&#39;bi</span> <span class='ocrx_word' id='word_1_77' title='bbox 875 1152 1051 1201; x_wconf 82' lang='lat' dir='ltr'>dixisse</span> <span class='ocrx_word' id='word_1_78' title='bbox 1087 1153 1401 1202; x_wconf 76' lang='lat' dir='ltr'>mertuom—</span> 
     </span>
     <span class='ocr_line' id='line_1_14' title="bbox 151 1232 1000 1293; baseline 0.004 -13"><span class='ocrx_word' id='word_1_79' title='bbox 151 1232 268 1281; x_wconf 90' lang='lat' dir='ltr'>TH.</span> <span class='ocrx_word' id='word_1_80' title='bbox 306 1233 364 1281; x_wconf 91' lang='lat' dir='ltr'>In</span> <span class='ocrx_word' id='word_1_81' title='bbox 401 1234 618 1283; x_wconf 77' lang='lat' dir='ltr'>semnis?</span> <span class='ocrx_word' id='word_1_82' title='bbox 829 1281 847 1288; x_wconf 25' lang='lat' dir='ltr'>s(</span> <span class='ocrx_word' id='word_1_83' title='bbox 890 1282 903 1293; x_wconf 61' lang='lat'><strong>„</strong></span> <span class='ocrx_word' id='word_1_84' title='bbox 992 1245 1000 1252; x_wconf 81' lang='grc'><em>’</em></span> 
     </span>
     <span class='ocr_line' id='line_1_15' title="bbox 467 1314 1423 1378; baseline 0.002 -16"><span class='ocrx_word' id='word_1_85' title='bbox 467 1314 577 1362; x_wconf 78' lang='lat' dir='ltr'>TR‚</span> <span class='ocrx_word' id='word_1_86' title='bbox 617 1315 798 1362; x_wconf 87' lang='lat' dir='ltr'><strong>Mirum</strong></span> <span class='ocrx_word' id='word_1_87' title='bbox 835 1316 949 1378; x_wconf 72' lang='lat' dir='ltr'>quin</span> <span class='ocrx_word' id='word_1_88' title='bbox 984 1316 1198 1378; x_wconf 87' lang='lat' dir='ltr'>uigilanti</span> <span class='ocrx_word' id='word_1_89' title='bbox 1234 1316 1423 1376; x_wconf 76' lang='lat' dir='ltr'>diceret,</span> 
     </span>
     <span class='ocr_line' id='line_1_16' title="bbox 150 1394 1331 1459; baseline 0.003 -17"><span class='ocrx_word' id='word_1_90' title='bbox 150 1394 249 1455; x_wconf 87' lang='lat' dir='ltr'>Qui</span> <span class='ocrx_word' id='word_1_91' title='bbox 285 1396 464 1445; x_wconf 72' lang='lat' dir='ltr'>abhsnc</span> <span class='ocrx_word' id='word_1_92' title='bbox 500 1398 750 1459; x_wconf 84' lang='lat' dir='ltr'>sexaginta</span> <span class='ocrx_word' id='word_1_93' title='bbox 785 1396 925 1445; x_wconf 72' lang='lat' dir='ltr'>annis</span> <span class='ocrx_word' id='word_1_94' title='bbox 961 1396 1148 1445; x_wconf 76' lang='lat' dir='ltr'>occisus</span> <span class='ocrx_word' id='word_1_95' title='bbox 1184 1397 1331 1446; x_wconf 87' lang='lat' dir='ltr'>foret!</span> 
     </span>
     <span class='ocr_line' id='line_1_17' title="bbox 150 1475 1813 1541; baseline 0.002 -17"><span class='ocrx_word' id='word_1_96' title='bbox 150 1475 398 1525; x_wconf 72' lang='lat' dir='ltr'>Interdum</span> <span class='ocrx_word' id='word_1_97' title='bbox 433 1478 594 1541; x_wconf 86' lang='lat' dir='ltr'>inepte</span> <span class='ocrx_word' id='word_1_98' title='bbox 630 1478 800 1527; x_wconf 77' lang='lat' dir='ltr'>stultus</span> <span class='ocrx_word' id='word_1_99' title='bbox 836 1494 900 1538; x_wconf 91' lang='lat' dir='ltr'>es,</span> <span class='ocrx_word' id='word_1_100' title='bbox 945 1479 1258 1541; x_wconf 71' lang='lat' dir='ltr'>leeoro‘pz&#39;des.</span> <span class='ocrx_word' id='word_1_101' title='bbox 1730 1497 1813 1539; x_wconf 88' lang='lat'>495</span> 
     </span>
     <span class='ocr_line' id='line_1_18' title="bbox 151 1558 488 1608; baseline 0.003 -1"><span class='ocrx_word' id='word_1_102' title='bbox 151 1558 268 1607; x_wconf 92' lang='lat' dir='ltr'>TH.</span> <span class='ocrx_word' id='word_1_103' title='bbox 305 1559 488 1608; x_wconf 78' lang='lat' dir='ltr'>Tacee.</span> 
     </span>
     <span class='ocr_line' id='line_1_19' title="bbox 490 1641 1716 1705; baseline -0.001 -17"><span class='ocrx_word' id='word_1_104' title='bbox 490 1641 599 1690; x_wconf 91' lang='lat' dir='ltr'>TR.</span> <span class='ocrx_word' id='word_1_105' title='bbox 641 1641 736 1689; x_wconf 89' lang='lat' dir='ltr'>Sed</span> <span class='ocrx_word' id='word_1_106' title='bbox 773 1657 898 1700; x_wconf 88' lang='lat' dir='ltr'>ecce,</span> <span class='ocrx_word' id='word_1_107' title='bbox 939 1657 1061 1705; x_wconf 89' lang='lat' dir='ltr'>quae</span> <span class='ocrx_word' id='word_1_108' title='bbox 1098 1642 1163 1689; x_wconf 86' lang='lat' dir='ltr'>ssli</span> <span class='ocrx_word' id='word_1_109' title='bbox 1200 1642 1248 1688; x_wconf 90' lang='lat' dir='ltr'>in</span> <span class='ocrx_word' id='word_1_110' title='bbox 1284 1644 1454 1689; x_wconf 76' lang='lat' dir='ltr'>somnis</span> <span class='ocrx_word' id='word_1_111' title='bbox 1491 1645 1716 1688; x_wconf 82' lang='lat' dir='ltr'>mo‘rluos:</span> 
     </span>
     <span class='ocr_line' id='line_1_20' title="bbox 153 1721 1372 1785; baseline 0.001 -16"><span class='ocrx_word' id='word_1_112' title='bbox 153 1722 291 1784; x_wconf 85' lang='lat' dir='ltr'>‘Ego</span> <span class='ocrx_word' id='word_1_113' title='bbox 329 1721 674 1770; x_wconf 63' lang='lat' dir='ltr'>trensmarinus</span> <span class='ocrx_word' id='word_1_114' title='bbox 711 1722 887 1785; x_wconf 77' lang='lat' dir='ltr'>hespes</span> <span class='ocrx_word' id='word_1_115' title='bbox 925 1739 1032 1770; x_wconf 93' lang='lat' dir='ltr'>sum</span> <span class='ocrx_word' id='word_1_116' title='bbox 1068 1723 1372 1785; x_wconf 76' lang='lat' dir='ltr'>Diapentius.</span> 
     </span>
     <span class='ocr_line' id='line_1_21' title="bbox 153 1803 1333 1853; baseline 0.001 -2"><span class='ocrx_word' id='word_1_117' title='bbox 153 1804 250 1852; x_wconf 90' lang='lat' dir='ltr'>Hic</span> <span class='ocrx_word' id='word_1_118' title='bbox 287 1803 479 1852; x_wconf 66' lang='lat' dir='ltr'>hebito:</span> <span class='ocrx_word' id='word_1_119' title='bbox 530 1805 649 1852; x_wconf 83' lang='lat' dir='ltr'>haec</span> <span class='ocrx_word' id='word_1_120' title='bbox 686 1805 802 1851; x_wconf 88' lang='lat' dir='ltr'>mihi</span> <span class='ocrx_word' id='word_1_121' title='bbox 839 1804 1045 1853; x_wconf 85' lang='lat' dir='ltr'>deditast</span> <span class='ocrx_word' id='word_1_122' title='bbox 1079 1805 1333 1853; x_wconf 61' lang='lat' dir='ltr'>habitetiot</span> 
     </span>
     <span class='ocr_line' id='line_1_22' title="bbox 152 1877 1413 1949; baseline -0.001 -16"><span class='ocrx_word' id='word_1_123' title='bbox 152 1886 283 1933; x_wconf 89' lang='lat' dir='ltr'>Nam</span> <span class='ocrx_word' id='word_1_124' title='bbox 319 1902 396 1934; x_wconf 90' lang='lat' dir='ltr'>me</span> <span class='ocrx_word' id='word_1_125' title='bbox 432 1877 765 1935; x_wconf 61' lang='lat' dir='ltr'>Acheruntem</span> <span class='ocrx_word' id='word_1_126' title='bbox 804 1886 1012 1949; x_wconf 89' lang='lat' dir='ltr'>recipere</span> <span class='ocrx_word' id='word_1_127' title='bbox 1053 1887 1210 1936; x_wconf 85' lang='lat' dir='ltr'>Orcus</span> <span class='ocrx_word' id='word_1_128' title='bbox 1247 1886 1413 1944; x_wconf 78' lang='lat' dir='ltr'>neluit,</span> 
     </span>
     <span class='ocr_line' id='line_1_23' title="bbox 152 1967 1814 2031; baseline -0.002 -16"><span class='ocrx_word' id='word_1_129' title='bbox 152 1967 280 2027; x_wconf 87' lang='lat' dir='ltr'><strong>Quia</strong></span> <span class='ocrx_word' id='word_1_130' title='bbox 317 1967 615 2031; x_wconf 74' lang='lat' dir='ltr'>praemature</span> <span class='ocrx_word' id='word_1_131' title='bbox 651 1971 751 2016; x_wconf 78' lang='lat' dir='ltr'>uita</span> <span class='ocrx_word' id='word_1_132' title='bbox 787 1984 942 2017; x_wconf 88' lang='lat' dir='ltr'>careo.</span> <span class='ocrx_word' id='word_1_133' title='bbox 1013 1968 1104 2016; x_wconf 91' lang='lat' dir='ltr'>Per</span> <span class='ocrx_word' id='word_1_134' title='bbox 1139 1969 1285 2016; x_wconf 90' lang='lat' dir='ltr'>fidem</span> <span class='ocrx_word' id='word_1_135' title='bbox 1732 1984 1814 2025; x_wconf 86' lang='lat'>500</span> 
     </span>
     <span class='ocr_line' id='line_1_24' title="bbox 151 2049 1550 2113; baseline 0 -16"><span class='ocrx_word' id='word_1_136' title='bbox 151 2049 397 2112; x_wconf 87' lang='lat' dir='ltr'>Deceptus</span> <span class='ocrx_word' id='word_1_137' title='bbox 433 2065 568 2098; x_wconf 87' lang='lat' dir='ltr'>sum:</span> <span class='ocrx_word' id='word_1_138' title='bbox 618 2050 794 2113; x_wconf 86' lang='lat' dir='ltr'>hospes</span> <span class='ocrx_word' id='word_1_139' title='bbox 831 2066 909 2097; x_wconf 91' lang='lat' dir='ltr'>me</span> <span class='ocrx_word' id='word_1_140' title='bbox 946 2051 1024 2099; x_wconf 76' lang='lat' dir='ltr'>hic</span> <span class='ocrx_word' id='word_1_141' title='bbox 1061 2052 1264 2108; x_wconf 85' lang='lat' dir='ltr'>necauit,</span> <span class='ocrx_word' id='word_1_142' title='bbox 1302 2051 1438 2113; x_wconf 77' lang='lat' dir='ltr'>isque</span> <span class='ocrx_word' id='word_1_143' title='bbox 1472 2064 1550 2097; x_wconf 88' lang='lat' dir='ltr'>me</span> 
     </span>
     <span class='ocr_line' id='line_1_25' title="bbox 151 2130 1333 2194; baseline 0.001 -16"><span class='ocrx_word' id='word_1_144' title='bbox 151 2131 347 2179; x_wconf 77' lang='lat' dir='ltr'>Defedit</span> <span class='ocrx_word' id='word_1_145' title='bbox 382 2130 675 2194; x_wconf 76' lang='lat' dir='ltr'>inseptiltum</span> <span class='ocrx_word' id='word_1_146' title='bbox 711 2132 834 2180; x_wconf 86' lang='lat' dir='ltr'>clam</span> <span class='ocrx_word' id='word_1_147' title='bbox 869 2134 918 2179; x_wconf 90' lang='lat' dir='ltr'>in</span> <span class='ocrx_word' id='word_1_148' title='bbox 954 2132 1085 2181; x_wconf 88' lang='lat' dir='ltr'>hisce</span> <span class='ocrx_word' id='word_1_149' title='bbox 1121 2132 1333 2189; x_wconf 89' lang='lat' dir='ltr'>aedibus,</span> 
     </span>
     <span class='ocr_line' id='line_1_26' title="bbox 153 2211 1439 2273; baseline -0.002 -13"><span class='ocrx_word' id='word_1_150' title='bbox 153 2211 404 2270; x_wconf 79' lang='lat' dir='ltr'>Scelestus,</span> <span class='ocrx_word' id='word_1_151' title='bbox 444 2214 545 2259; x_wconf 87' lang='lat' dir='ltr'>auri</span> <span class='ocrx_word' id='word_1_152' title='bbox 581 2211 737 2262; x_wconf 77' lang='lat' dir='ltr'>causa.</span> <span class='ocrx_word' id='word_1_153' title='bbox 811 2212 956 2261; x_wconf 90' lang='lat' dir='ltr'>Nunc</span> <span class='ocrx_word' id='word_1_154' title='bbox 993 2222 1045 2260; x_wconf 91' lang='lat' dir='ltr'>tu</span> <span class='ocrx_word' id='word_1_155' title='bbox 1081 2213 1194 2260; x_wconf 87' lang='lat' dir='ltr'>hinc</span> <span class='ocrx_word' id='word_1_156' title='bbox 1231 2212 1439 2273; x_wconf 83' lang='lat' dir='ltr'>emigra:</span> 
     </span>
     <span class='ocr_line' id='line_1_27' title="bbox 154 2293 1364 2357; baseline 0.001 -16"><span class='ocrx_word' id='word_1_157' title='bbox 154 2293 389 2342; x_wconf 88' lang='lat' dir='ltr'>Scelestae</span> <span class='ocrx_word' id='word_1_158' title='bbox 424 2293 514 2341; x_wconf 88' lang='lat' dir='ltr'>hae</span> <span class='ocrx_word' id='word_1_159' title='bbox 551 2303 660 2342; x_wconf 90' lang='lat' dir='ltr'>sunt</span> <span class='ocrx_word' id='word_1_160' title='bbox 696 2294 852 2352; x_wconf 88' lang='lat' dir='ltr'>aedes,</span> <span class='ocrx_word' id='word_1_161' title='bbox 892 2296 1066 2357; x_wconf 81' lang='lat' dir='ltr'>inpiast</span> <span class='ocrx_word' id='word_1_162' title='bbox 1104 2293 1364 2342; x_wconf 77' lang='lat' dir='ltr'>habitatio.’</span> 
     </span>
     <span class='ocr_line' id='line_1_28' title="bbox 152 2374 1810 2438; baseline -0.001 -15"><span class='ocrx_word' id='word_1_163' title='bbox 152 2374 292 2435; x_wconf 85' lang='lat' dir='ltr'>Quae</span> <span class='ocrx_word' id='word_1_164' title='bbox 328 2375 405 2423; x_wconf 92' lang='lat' dir='ltr'>hic</span> <span class='ocrx_word' id='word_1_165' title='bbox 440 2376 659 2424; x_wconf 76' lang='lat' dir='ltr'>menstra</span> <span class='ocrx_word' id='word_1_166' title='bbox 695 2376 828 2436; x_wconf 90' lang='lat' dir='ltr'>fiunt,</span> <span class='ocrx_word' id='word_1_167' title='bbox 867 2375 997 2424; x_wconf 73' lang='lat' dir='ltr'>anno</span> <span class='ocrx_word' id='word_1_168' title='bbox 1034 2377 1113 2423; x_wconf 87' lang='lat' dir='ltr'>uix</span> <span class='ocrx_word' id='word_1_169' title='bbox 1150 2391 1351 2438; x_wconf 86' lang='lat' dir='ltr'>possum</span> <span class='ocrx_word' id='word_1_170' title='bbox 1388 2374 1561 2438; x_wconf 88' lang='lat' dir='ltr'>eloqui.</span> <span class='ocrx_word' id='word_1_171' title='bbox 1736 2394 1810 2434; x_wconf 84' lang='lat'>505</span> 
     </span>
     <span class='ocr_line' id='line_1_29' title="bbox 153 2456 314 2505; baseline 0 -1"><span class='ocrx_word' id='word_1_172' title='bbox 153 2456 207 2504; x_wconf 93' lang='lat' dir='ltr'>St</span> <span class='ocrx_word' id='word_1_173' title='bbox 242 2458 314 2505; x_wconf 83' lang='lat' dir='ltr'>st!</span> 
     </span>
     <span class='ocr_line' id='line_1_30' title="bbox 153 2537 1206 2602; baseline 0 -17"><span class='ocrx_word' id='word_1_174' title='bbox 153 2537 272 2586; x_wconf 91' lang='lat' dir='ltr'>TH.</span> <span class='ocrx_word' id='word_1_175' title='bbox 310 2538 458 2598; x_wconf 87' lang='lat' dir='ltr'>Quid,</span> <span class='ocrx_word' id='word_1_176' title='bbox 495 2538 703 2602; x_wconf 79' lang='lat' dir='ltr'>epsecro</span> <span class='ocrx_word' id='word_1_177' title='bbox 739 2538 911 2598; x_wconf 89' lang='lat' dir='ltr'>hercle,</span> <span class='ocrx_word' id='word_1_178' title='bbox 952 2538 1206 2588; x_wconf 68' lang='lat' dir='ltr'>fectumst?</span> 
     </span>
     <span class='ocr_line' id='line_1_31' title="bbox 1101 2618 1708 2682; baseline -0.002 -15"><span class='ocrx_word' id='word_1_179' title='bbox 1101 2620 1213 2667; x_wconf 91' lang='lat' dir='ltr'>TR.</span> <span class='ocrx_word' id='word_1_180' title='bbox 1252 2619 1547 2682; x_wconf 78' lang='lat' dir='ltr'>Concrepust</span> <span class='ocrx_word' id='word_1_181' title='bbox 1582 2618 1708 2667; x_wconf 90' lang='lat' dir='ltr'>foris.</span> 
     </span>
     <span class='ocr_line' id='line_1_32' title="bbox 147 2699 1710 2774; baseline -0.001 -25"><span class='ocrx_word' id='word_1_182' title='bbox 147 2700 311 2774; x_wconf 55' lang='lat' dir='ltr'><em>Q</em></span> <span class='ocrx_word' id='word_1_183' title='bbox 338 2701 598 2764; x_wconf 82' lang='lat' dir='ltr'>percussit!</span> <span class='ocrx_word' id='word_1_184' title='bbox 671 2702 788 2750; x_wconf 93' lang='lat' dir='ltr'>TH.</span> <span class='ocrx_word' id='word_1_185' title='bbox 838 2700 1039 2750; x_wconf 76' lang='lat' dir='ltr'>Guttam</span> <span class='ocrx_word' id='word_1_186' title='bbox 1075 2701 1203 2749; x_wconf 86' lang='lat' dir='ltr'>haud</span> <span class='ocrx_word' id='word_1_187' title='bbox 1238 2701 1397 2749; x_wconf 88' lang='lat' dir='ltr'>habeo</span> <span class='ocrx_word' id='word_1_188' title='bbox 1432 2699 1710 2763; x_wconf 68' lang='lat' dir='ltr'>senguinis:</span> 
     </span>
     <span class='ocr_line' id='line_1_33' title="bbox 152 2772 1327 2834; baseline 0 -6"><span class='ocrx_word' id='word_1_189' title='bbox 152 2781 335 2830; x_wconf 88' lang='lat' dir='ltr'>Viu6m</span> <span class='ocrx_word' id='word_1_190' title='bbox 372 2798 450 2831; x_wconf 92' lang='lat' dir='ltr'>me</span> <span class='ocrx_word' id='word_1_191' title='bbox 486 2792 736 2832; x_wconf 88' lang='lat' dir='ltr'>accersunt</span> <span class='ocrx_word' id='word_1_192' title='bbox 772 2772 1102 2831; x_wconf 61' lang='lat' dir='ltr'>Acheruntem</span> <span class='ocrx_word' id='word_1_193' title='bbox 1140 2783 1327 2834; x_wconf 73' lang='lat' dir='ltr'>mertui.</span> 
     </span>
    </p>
   </div>
  </div>
 </body>
</html>
