2019 3131
206 121 233 162 2
898 111 1151 161 PLAVTI
1600 108 1659 176 [Ι.
1683 120 1715 156 1.
1740 120 1848 160 1-29

706 377 1000 426 GRVMIO.
1073 375 1356 425 TRANIO.

208 489 317 538 GR.
354 489 446 536 Exi
482 487 508 534 ἐ
545 486 701 535 culina
736 489 801 535 sis
836 486 979 544 foras,
1017 486 1255 548 mastigia,
1478 496 1480 502 “

209 571 306 629 Qui
342 571 407 617 mi
444 571 567 617 inter
601 569 787 630 patinas
825 568 1024 615 exhibes
1061 565 1281 629 argutias.

207 647 462 709 Egr6dere,
500 646 622 693 erilis
661 644 919 708 permities,
957 660 1016 691 ex
1053 644 1264 691 aedibus.

208 729 319 790 Ego
355 728 435 790 p61
470 735 515 775 te
552 728 659 786 ruri,
700 728 740 774 si
778 727 951 784 uiuam,
989 724 1189 774 ulciscar
1223 725 1389 789 probe.

84 846 95 856 s
209 810 317 867 Exi,
354 810 568 871 inquam,
605 807 757 865 nidor,
794 807 819 854 έ
856 807 1049 870 pupina.
1123 805 1256 864 Quid
1292 806 1441 852 lates?
1830 820 1852 860 5

211 890 322 938 TR.
360 889 490 947 Quid
525 889 621 947 t1'bi,
660 888 854 946 malum,
892 888 967 935 hic
1005 896 1116 935 ante
1153 886 1283 934 aedis
1321 883 1658 932 clamz'tatiost?

211 972 289 1017 An
325 968 420 1016 ruri
455 983 622 1017 censes
659 977 702 1015 te
741 969 876 1016 esse?
946 967 1167 1030 Apscede
1204 968 1265 1014 ab
1302 965 1515 1014 aedibus.

213 1051 309 1098 Abi
345 1049 452 1097 rus:
499 1050 575 1096 abi
611 1048 828 1096 dierecte.
898 1048 1121 1110 Apscede
1158 1049 1218 1094 ab
1254 1046 1409 1094 ianua.

214 1131 335 1178 Em:
372 1130 544 1177 hocine
580 1129 809 1176 uolebas?
869 1128 978 1176 GR.
1005 1128 1139 1176 Perii.
1189 1127 1326 1186 Quor
1351 1142 1426 1174 me
1451 1126 1700 1174 uerberas?
1748 1145 1788 1185 9,
1813 1144 1862 1171 10

218 1211 333 1258 TR.
369 1210 497 1268 Quia
525 1211 662 1257 uiuis.
725 1209 833 1257 GR.
865 1210 1034 1256 Patiar.
1097 1208 1210 1256 Sine
1245 1207 1393 1255 modo
1427 1206 1650 1254 adueniat
1685 1221 1861 1254 senex:

219 1292 330 1340 Sine
366 1291 514 1339 m6d0
550 1292 714 1338 uenire
753 1291 951 1348 saluom,
990 1306 1134 1353 quem
1171 1288 1420 1352 apsentem
1457 1303 1637 1352 comes.

218 1373 328 1420 TR.
366 1372 470 1419 Nec
506 1372 603 1419 ueri
641 1372 791 1419 simile
829 1372 1023 1433 ldquere
1060 1387 1147 1418 nec
1184 1369 1367 1426 uerum,
1407 1369 1576 1426 frutex,

219 1453 450 1501 Come'sse
487 1467 779 1515 quemquam
815 1462 866 1516 Q:
905 1453 1159 1514 quisquam
1194 1459 1444 1512 apsentem
1481 1450 1678 1511 p6ssiet.
1745 1491 1763 1499 ,.

220 1535 329 1582 GR.
367 1533 448 1580 Tu
485 1533 697 1581 urbanus
733 1548 848 1580 uero
885 1532 1054 1591 scurra,
1093 1531 1288 1580 deliciae
1323 1531 1471 1593 popli,
1816 1548 1862 1589 ¹5

223 1615 325 1662 Rus
361 1615 478 1661 mshi
515 1625 562 1661 tu
599 1615 841 1662 obiectas?
916 1613 1042 1660 Sane
1079 1613 1186 1671 hoc,
1226 1612 1383 1670 credo,
1421 1611 1621 1669 Tranio,

223 1695 369 1754 Quod
405 1704 449 1742 te
487 1697 536 1742 1‘n
573 1696 822 1758 pistrinum
860 1697 946 1741 scis
981 1703 1193 1741 actutum
1229 1693 1415 1741 tradier.

222 1777 304 1825 Cis
339 1776 493 1823 hercle
529 1790 708 1838 paucas
745 1775 1066 1836 tempestates,
1106 1773 1305 1831 Tranio,

224 1857 437 1920 Augebis
473 1857 566 1903 ruri
603 1855 870 1912 numerum,
907 1869 1059 1916 genus
1096 1853 1328 1911 ferratile3

226 1939 385 1996 Nunc,
423 1936 538 1984 dum
574 1938 658 1985 tibi
694 1936 824 1983 lubet
861 1934 1079 1997 licetque,
1117 1944 1244 1998 pota,
1280 1933 1426 1996 perde
1462 1949 1561 1982 rem
1819 1952 1870 1979 20

225 2018 490 2081 Corrumpe
525 2019 699 2075 erilem,
726 2017 1162 2077 adulescentemque
1198 2015 1488 2077 6ptumumz-

225 2100 342 2147 Dies
379 2108 641 2162 noctesque
676 2099 836 2155 bibite,
874 2096 1281 2160 pergraecamini:

225 2182 423 2229 Amicas
460 2182 616 2238 emite,
654 2181 874 2227 liberate:
919 2177 1097 2240 pascite

226 2263 492 2310 Parasitos:
531 2260 765 2323 opsonate
802 2258 1148 2322 pollucibiliter.

227 2343 448 2390 Haecine
485 2342 734 2389 mandauit
771 2341 870 2398 tibi,
909 2354 1059 2402 quom
1097 2353 1293 2401 peregre
1328 2337 1439 2384 hinc
1476 2337 1540 2394 iit,
1580 2338 1761 2384 senex?
1823 2354 1872 2394 25

230 2423 426 2470 Hocine
461 2422 609 2470 modo
645 2422 721 2469 hic
757 2436 857 2469 rem
893 2419 1106 2468 curatam
1143 2418 1353 2467 offendet
1390 2419 1560 2465 suam?

229 2503 420 2551 Hocine
457 2503 571 2550 boni
605 2517 709 2550 esse
746 2501 963 2549 officium
999 2500 1122 2548 serui
1158 2501 1420 2547 existumas

230 2583 296 2630 Vt
331 2584 401 2630 eri
436 2583 508 2630 sui
545 2582 819 2644 corrumpat
855 2590 900 2628 et
938 2595 1038 2628 rem
1075 2588 1120 2627 et
1156 2579 1339 2627 fssium?

231 2664 360 2711 Nam
398 2679 489 2725 ego
526 2662 657 2711 illum
695 2670 969 2725 corruptum
1006 2659 1144 2719 duco,
1181 2675 1329 2723 quom
1365 2658 1441 2706 his
1475 2659 1610 2706 factis
1645 2657 1814 2706 studet.

232 2745 348 2803 Quo
384 2743 529 2792 nemo
565 2744 778 2806 adaeque
814 2741 1060 2790 iuuentute
1097 2756 1155 2788 ex
1193 2740 1325 2788 omni
1361 2727 1519 2787 Attica
1825 2756 1877 2795 30
