2019 3131
227 135 291 181 50
923 125 1175 173 PLAVTI
1588 121 1673 190 [V.
1697 134 1732 171 1.
1763 139 1871 184 1-17

906 266 1192 316 TRANIO.

230 405 341 452 TR.
380 402 481 461 Qui
509 401 657 447 homo
687 398 881 446 timidus
916 397 1001 444 erit
1033 397 1082 443 in
1113 397 1255 443 rebus
1280 393 1450 453 dubiis,
1477 395 1617 443 nauci
1641 395 1740 442 non
1764 396 1878 444 erit:

229 475 389 547 Atque
427 482 651 546 equidem
688 479 803 542 quid
841 479 888 525 id
923 477 1028 526 esse
1064 477 1224 524 dicam
1259 475 1463 523 uerbum
1500 477 1641 524 nauci
1675 476 1853 527 nescio.

230 566 361 613 N5m
397 578 503 612 erus
547 577 625 609 me
662 559 918 623 postquz'zm
957 574 1035 606 rus
1078 559 1220 616 misit,
1257 557 1410 605 filium
1446 566 1497 605 ut
1538 572 1678 606 suom
1720 558 1878 606 accer-

500 657 668 700 serem,
1624 658 1744 698 1043,
1774 659 1882 698 1044

231 716 343 774 Abii
411 725 510 772 illas:
566 737 652 785 per
717 721 1023 783 angiportum
1089 719 1150 766 ad
1214 718 1405 767 hortum
1471 727 1690 767 nostrum
1749 718 1879 767 clz'm-

501 804 676 852 culum.
1776 819 1877 859 1045

233 874 423 934 Ostium
461 885 593 948 quod
629 885 676 930 in
714 882 1013 945 fingiportost
1048 881 1187 939 horti,
1226 880 1434 943 patefeci
1468 879 1595 938 foris,

233 967 401 1030 quue
438 966 582 1014 eduxi
619 964 816 1012 omnem
854 964 1110 1025 legionem,
1147 962 1193 1010 et
1229 963 1373 1009 maris
1409 970 1456 1008 et
1491 961 1704 1008 feminas.

233 1049 497 1110 Postquam
534 1062 592 1093 ex
629 1044 878 1107 opsidione
915 1045 963 1090 in
999 1052 1153 1090 tutum
1190 1041 1331 1091 eduxi
1367 1042 1644 1104 maniplaris
1680 1056 1828 1101 meOS,

235 1129 388 1192 Caipio
425 1127 676 1176 consilium
713 1125 764 1172 iit
802 1134 1022 1173 senatum
1060 1125 1418 1185 congerronum
1454 1124 1738 1171 conuocem.

234 1210 482 1267 Quoniam
508 1206 790 1264 conuoca'rui‚
817 1215 959 1267 atque
985 1205 1047 1252 illi
1072 1220 1150 1252 me
1177 1204 1235 1251 ex
1262 1213 1430 1252 senatu
1455 1204 1721 1267 segregant.
1783 1225 1885 1266 1050

234 1271 331 1338 Vbi
368 1305 460 1352 ego
498 1304 574 1335 me
612 1287 752 1335 uideo
789 1273 948 1334 ueFffe
985 1287 1034 1332 in
1071 1285 1182 1334 meo
1218 1285 1336 1344 soro,
1375 1285 1607 1348 quantum
1642 1293 1812 1348 potest,

234 1369 383 1418 Faicio
424 1369 552 1416 idem
589 1368 721 1431 quod
763 1366 971 1431 plurumi
1010 1367 1087 1414 alii
1130 1368 1305 1429 quibus
1348 1382 1421 1414 res
1461 1366 1626 1414 timida
1666 1375 1747 1415 aut
1788 1363 1885 1415 tur-

503 1449 685 1496 bidast:
779 1508 786 1515 .

236 1531 446 1594 Pergunt
482 1531 672 1577 turbare
711 1529 878 1592 usque,
915 1538 966 1577 ut
1004 1544 1064 1576 ne
1101 1528 1217 1591 quid
1254 1529 1400 1591 possit
1438 1527 1787 1591 conquiescere.

237 1612 364 1659 Nrirn
409 1612 506 1659 scio
549 1610 771 1673 equidem
818 1609 946 1657 millo
985 1618 1127 1672 pacto
1167 1608 1261 1657 ἰείη]
1299 1624 1403 1656 esse
1442 1624 1586 1673 posse
1621 1609 1730 1656 haec
1765 1607 1886 1657 clzim

505 1707 683 1738 senem.

239 1774 351 1821 Non
390 1773 570 1820 amicus
608 1773 724 1819 alius
763 1773 868 1834 quis
941 1790 963 1814 »ς
1039 1790 1060 1815 *
1137 1788 1158 1812 *
1198 1772 1365 1818 riuabo
1401 1786 1451 1818 se
1523 1787 1546 1812 *
1621 1788 1643 1813 *
1785 1789 1888 1830 1055

238 1856 336 1901 Aut
372 1860 423 1899 ul
493 1871 515 1895 *
581 1870 602 1893 21<
668 1869 689 1894 *
756 1871 777 1895 21<
842 1871 864 1895 *
929 1869 950 1893 *
1016 1871 1036 1895 ss
1077 1867 1126 1899 es
1167 1868 1188 1893 *
1228 1853 1426 1899 officium
1463 1868 1603 1899 meum

241 1934 374 1981 Prosi
459 1952 481 1976 πμ
558 1950 578 1973 >1<
656 1951 677 1974 a<
768 1948 816 1978 m
925 1949 947 1973 22<
1121 1948 1153 1994 q
1267 1947 1320 1978 sa
1355 1932 1383 1978 ll
1474 1949 1496 1973 *
1572 1947 1595 1973 ἐκ
1638 1942 1888 1993 1057-1058

240 2015 442 2076 Illequi
556 2032 577 2057 2⁵<
652 2031 674 2056 ξε
750 2031 772 2055 ss
848 2029 869 2054 ,ιε
947 2029 968 2054 *
1032 2031 1054 2055 ,ιε
1119 2013 1497 2060 *erosimul*
1573 2030 1596 2056 *

242 2095 616 2156 Praeoccupabo
675 2103 816 2156 atque
875 2093 1180 2140 anteueniam
1233 2102 1279 2140 et
1333 2092 1502 2140 foedus
1556 2093 1751 2141 feriam:
1812 2093 1891 2142 me

510 2189 686 2222 moror.
1638 2180 1888 2222 1060-1061

246 2256 341 2303 Sed
384 2256 501 2318 quid
542 2255 635 2303 hoc
672 2264 742 2302 est
778 2255 908 2317 quod
944 2254 1057 2302 foris
1095 2254 1371 2316 concrepuit
1407 2254 1647 2317 proxuma
1683 2255 1891 2303 uicinia?

243 2324 368 2384 Erus
401 2351 538 2384 meus
571 2335 915 2398 hicquidernst:
952 2344 1144 2396 gustare
1174 2349 1265 2395 ego
1295 2334 1396 2382 eius
1429 2334 1700 2383 sermonem
1731 2335 1855 2384 uolo.

449 2538 958 2590 THEOROPIDES.
1030 2538 1311 2588 TRANIO.
1385 2539 1689 2589 LORARII.

247 2663 362 2711 TH.
399 2648 518 2710 slico
550 2663 671 2709 intra
700 2661 849 2708 limen
875 2661 959 2708 isti
986 2660 1148 2718 astate,
1175 2669 1238 2719 ut,
1266 2674 1412 2723 quom
1437 2661 1678 2723 extemplo
1703 2676 1892 2722 uocem,

248 2743 496 2793 Continuo
532 2741 765 2791 exilia'rtis:
816 2742 1030 2790 manicas
1066 2741 1277 2789 celeriter
1314 2740 1562 2789 conectite.
1784 2747 1891 2800 1065
