2019 3131
231 109 292 152 30
927 97 1177 146 PLAVTI
1477 95 1592 163 [III.
1620 109 1654 145 1.
1683 102 1877 154 110-136

235 230 344 279 TH.
383 230 479 277 Ain
515 240 567 277 tu
602 228 763 276 aedis?
916 274 920 278 .

653 308 760 355 TR.
801 308 948 355 Aedis
985 307 1197 368 inquam.
1272 304 1367 352 Sed
1404 303 1876 375 scingquoiusmodi?

229 392 344 439 TH.
383 391 480 449 Qui
518 392 639 439 scire
675 389 906 451 possum?

835 468 946 515 TR.
981 467 1105 515 Veh.

1036 547 1154 595 TH.
1193 547 1324 606 Quid
1361 549 1466 594 est?

1367 628 1476 676 TR.
1518 627 1594 675 Ne
1630 626 1708 674 me
1746 641 1875 688 roga.

227 714 344 761 TH.
383 713 511 761 Nam
548 713 664 776 quid
700 713 795 759 ita?
1794 715 1876 767 644

704 793 810 841 TR.
852 789 1207 854 Speculiclaras‚
1246 791 1505 840 candorem
1541 805 1742 838 merum.
1793 795 1872 849 645

227 875 342 922 TH.
382 874 514 921 Bene
553 873 706 921 hercle
743 873 937 920 factum.
1009 871 1158 929 Quid,
1196 887 1277 919 eas
1313 872 1478 934 quanti
1515 870 1750 935 desti-nat?

226 955 336 1003 TR.
376 954 589 1002 Talentis
625 954 813 1016 magnis
850 952 1059 1010 totidem,
1097 960 1213 1013 quot
1248 967 1340 1014 ego
1377 961 1422 999 et
1458 950 1508 998 ui
1545 966 1723 999 sumus.

227 1037 321 1084 Sed
357 1035 580 1083 arraboni
616 1036 704 1083 has
740 1034 869 1082 dedit
905 1032 1222 1097 quadraginta
1258 1034 1439 1081 minas:
1788 1034 1875 1092 648

225 1117 353 1165 Hinc
389 1116 590 1179 sumpsit
627 1131 746 1178 quas
782 1116 825 1162 ei
863 1113 1097 1163 dedimus.
1172 1113 1305 1161 Satin
1342 1113 1606 1177 intellegis?
1792 1121 1875 1172 650

225 1197 343 1244 TH.
379 1197 512 1246 Bene
547 1196 705 1245 hercle
742 1196 935 1244 factum.
1525 1264 1530 1268 -

781 1276 926 1324 DA.
965 1275 1118 1333 Heus,
1156 1275 1252 1322 iam
1289 1274 1469 1338 adpetit
1504 1274 1738 1323 meridies.

230 1358 336 1407 TR.
372 1358 587 1421 Apsolue
623 1358 752 1406 hunc
789 1372 985 1420 quaeso,
1023 1357 1208 1404 uomitu
1244 1372 1304 1404 ne
1341 1356 1416 1404 hic
1452 1372 1543 1405 nos
1580 1355 1761 1405 enecet.

229 1439 339 1487 TH.
376 1438 692 1497 Adulescens,
730 1453 919 1486 mecum
954 1436 1055 1484 rem
1091 1437 1226 1485 habe.

1101 1517 1207 1565 DA.
1248 1517 1436 1580 Nempe
1474 1532 1562 1580 aps
1599 1516 1643 1566 te
1678 1518 1871 1581 petam?

225 1599 340 1648 TH.
378 1600 531 1648 Petito
567 1615 686 1648 cras.

626 1679 733 1727 DA.
770 1680 936 1727 Abeo:
986 1678 1057 1727 sat
1093 1679 1265 1738 habeo,
1302 1680 1342 1726 si
1379 1677 1485 1727 cres
1522 1679 1637 1727 fero.

223 1760 332 1809 TR.
373 1759 558 1808 Malum
595 1761 726 1823 quod
761 1761 838 1807 isti
875 1760 926 1807 ds
961 1761 1172 1823 deaeque
1208 1759 1381 1808 omnes
1418 1760 1580 1808 duint:
1787 1766 1870 1822 655

221 1842 294 1888 Ita
329 1841 438 1888 mea
474 1841 672 1888 consilia
697 1840 939 1903 perturbat
975 1842 1294 1902 paenissume.

221 1920 419 1968 Nullum
454 1919 625 1983 edepol
661 1921 804 1969 hodie
840 1920 994 1984 genus
1030 1930 1102 1969 est
1137 1921 1388 1969 hominum
1424 1919 1616 1969 taetrius

221 2001 326 2050 Nec
364 2003 524 2049 minus
559 2002 690 2049 bono
727 2017 839 2049 cum
876 2000 976 2050 itire
1014 2017 1160 2065 quam
1196 2002 1495 2050 danIsticum.

220 2082 337 2130 TH.
375 2082 487 2140 Qua
522 2082 570 2129 in
605 2081 798 2144 regione
835 2083 945 2130 istas
980 2082 1108 2130 aedis
1144 2084 1258 2131 emit
1294 2083 1452 2130 fssius?

219 2163 329 2211 TR.
368 2162 497 2211 Ecce
534 2161 694 2211 alitem
731 2163 860 2225 perii.

794 2243 910 2291 TH.
948 2243 1146 2292 Dicisne
1181 2244 1273 2291 hoc
1309 2242 1442 2306 quod
1479 2241 1522 2290 te
1558 2242 1710 2304 rogo?
1761 2240 1865 2290 '660

219 2323 329 2372 TR.
365 2322 567 2373 Dicam:
617 2325 700 2373 sed
736 2340 915 2372 nomen
952 2325 1134 2373 domini
1172 2340 1349 2388 quaero
1385 2323 1505 2387 quid
1540 2325 1641 2373 siet.

219 2404 335 2453 TH.
371 2405 477 2468 Age
512 2405 874 2454 comminiscere
909 2404 1038 2468 ergo.

954 2486 1065 2534 TR.
1105 2484 1237 2544 Quid
1272 2501 1364 2547 ego
1399 2483 1529 2533 minc
1563 2498 1721 2548 agam,

217 2565 321 2613 Nisi
356 2574 407 2613 ut
444 2567 494 2613 sn
530 2567 741 2614 uicinum
777 2566 903 2614 hunc
940 2567 1231 2629 proxumum
1257 2590 1295 2613 υ
1319 2593 1361 2601 -
1385 2590 1423 2612 υ
1446 2590 1487 2601 -

216 2645 311 2693 Eas
347 2645 519 2694 emisse
556 2648 687 2695 aedis
722 2647 860 2694 huius
895 2647 1053 2695 dicam
1089 2647 1271 2695 filium?

214 2725 435 2774 Calidum
473 2726 628 2774 hercle
665 2728 821 2774 audiui
858 2743 962 2776 esse
1000 2728 1251 2789 epiumum
1287 2723 1606 2774 mendacium.
1779 2730 1861 2785 665
