2019 3131
102 106 188 155 IV.
213 119 248 156 3.
276 128 354 156 1—2
364 106 409 176 1]
666 106 1163 156 MOSTELLARIA
1696 111 1756 152 47

545 277 1056 327 THEOROPIDES.
1130 275 1314 325 SIMO.

104 386 224 436 TH.
259 388 393 436 Perii
422 388 593 437 hercle.
667 388 799 447 Quid
835 396 977 450 opust
1017 386 1207 434 uerbis?
1258 393 1309 433 ut
1344 385 1494 432 uerba
1529 382 1686 440 audio,

104 468 218 517 Non
256 469 483 533 equidem
521 471 569 517 in
607 470 886 533 Aegyptum
924 469 1035 516 hinc
1073 468 1221 517 modo
1259 465 1425 516 uectus
1462 466 1544 522 fui,

106 550 201 597 Sed
240 551 384 598 etiam
421 553 470 598 in
506 561 656 599 terras
695 551 822 598 solas
858 565 1062 613 orasque
1099 549 1307 598 ultumas
1683 565 1764 607 995

106 632 224 679 Sum
262 635 643 682 circumuectus:
693 635 758 682 ita
793 633 875 680 ubi
913 648 1042 680 nunc
1080 633 1170 680 sim
1208 631 1388 679 nescio.

103 712 288 761 Verum
323 715 419 763 iam
456 716 615 764 scibo:
665 729 780 762 nam
817 714 987 762 eccum
1023 715 1152 761 unde
1190 713 1322 761 aedis
1358 712 1487 760 filius

105 794 248 843 Meus
285 796 412 845 emit.
485 797 618 856 Quid
654 798 756 860 agis
793 798 878 844 tu?

804 877 876 926 SI.
913 865 959 924 Ᾰ
995 876 1099 926 foro
1135 875 1308 924 incedo
1346 875 1562 922 domum.

107 958 225 1007 TH.
263 960 518 1024 Numquid
556 960 785 1023 processit
823 959 884 1007 aid
921 959 1079 1007 forum
1116 957 1257 1006 hodie
1293 957 1437 1004 noui?

107 1042 179 1088 SI.
217 1042 391 1089 Etidm.
1664 1056 1769 1084 1000

309 1123 425 1171 TH.
465 1125 598 1183 Quid
634 1123 863 1171 tandem?

719 1205 793 1254 SI.
831 1205 946 1252 Vidi
984 1204 1139 1252 efferri
1177 1203 1434 1251 mortuom.

150 1351 153 1354 Ι
1394 1283 1509 1330 TH.
1552 1281 1698 1340 Hem,

107 1369 326 1434 Nouom;
410 1429 425 1445 Ι

278 1451 351 1499 SI.
390 1452 558 1499 Vnum
595 1453 692 1500 uidi
729 1451 972 1498 mortuom
1015 1450 1176 1497 efferri
1215 1450 1368 1497 foras:

108 1533 263 1581 Modo
301 1533 412 1581 eum
449 1535 625 1582 uixisse
663 1533 866 1581 aiebant.
945 1531 1053 1579 TH.
1092 1532 1197 1579 Vae
1236 1531 1381 1594 capiti
1418 1539 1511 1577 tuo.

109 1616 182 1663 SI.
221 1615 355 1675 Quid
391 1626 442 1662 tu
478 1616 660 1663 otiosus
699 1615 774 1662 res
812 1629 966 1662 nouas
1003 1614 1289 1676 requisitas?

110 1696 226 1744 TH.
263 1698 393 1757 Quia
429 1698 573 1745 hodie
612 1697 787 1745 adueni
825 1696 1038 1758 peregre.

968 1776 1052 1826 SI.
1090 1776 1298 1825 Promisi
1332 1775 1475 1834 foras,

107 1861 186 1909 Ad
222 1861 395 1910 cenam
433 1877 493 1909 ne
530 1877 607 1908 me
645 1860 690 1908 te
727 1875 904 1908 uocare
941 1858 1157 1907 censeas.
1666 1873 1770 1912 1005

110 1942 226 1991 TH.
268 1943 382 1992 Hau
419 1943 611 2006 postulo
649 1942 837 2004 edepol.

770 2023 844 2070 SI.
881 2021 1067 2069 Verum
1105 2036 1224 2080 cras,
1262 2020 1351 2068 nisi
1387 2018 1473 2082 quz‘
1501 2019 1634 2082 prius

107 2106 367 2155 Vociiuerit
404 2122 498 2165 me,
537 2105 615 2154 uel
653 2105 782 2168 apud
816 2114 861 2152 te
899 2103 1157 2152 cenziuero.

108 2188 225 2237 TH.
262 2189 338 2237 Ne
375 2188 494 2237 istuc
533 2188 731 2251 quidem
768 2186 943 2248 edepol
978 2184 1186 2248 postulo.
1260 2182 1364 2231 Nisi
1402 2182 1520 2246 quid
1558 2182 1711 2244 magis

108 2271 176 2320 Es
212 2271 490 2334 occupatus,
532 2271 732 2332 operam
769 2267 885 2315 mihi
922 2268 996 2315 da.

899 2347 983 2396 SI.
1021 2347 1272 2396 Meixume.

110 2434 228 2483 TH.
266 2432 428 2482 Minz'zs
464 2434 780 2497 quadraginta
815 2431 1054 2494 accepisti,
1093 2430 1226 2494 quod
1263 2429 1426 2487 sciam,
1666 2445 1774 2474 1010

111 2518 155 2565 A
194 2515 555 2566 Philolachete?

518 2597 591 2646 SI.
629 2596 911 2660 Numquam
949 2609 1219 2652 nummum,
1258 2591 1392 2656 quod
1429 2591 1594 2640 sciam.

112 2680 229 2728 TH.
267 2679 414 2739 Quid,
453 2695 481 2727 a
517 2678 765 2727 Trdnione
803 2678 981 2726 seruo?

937 2759 1010 2807 SI.
1049 2757 1106 2806 Id
1143 2758 1322 2821 quidem
1359 2754 1510 2803 multo
1549 2753 1724 2801 minus.

113 2841 230 2892 TH.
269 2843 406 2901 Quas
442 2842 665 2891 arraboni
703 2841 788 2889 tibi
825 2839 992 2888 dedit?
